[{"mainCategory":"Alcohol","categoryName":"Perfect for Picnicking","subCategoryName":"","title":"Una Lou Rosé of Pinot Noir","producer":"Scribe Winery","photoPath":"https://goodeggs4.imgix.net/b47586eb-ec3a-427d-8fe3-effadc92a34c.jpg?w=380&h=238&fm=jpg&auto=compress&fit=crop","price":"10.99","pricePer":"$0.86 / fl oz","purchaseUnit":"375 ml"},{"mainCategory":"Alcohol","categoryName":"Perfect for Picnicking","subCategoryName":"","title":"Sauvignon Blanc & Rosé 6-Pack Box","producer":"Sans Wine Co. ","photoPath":"https://goodeggs4.imgix.net/b86af6dc-041e-49fc-87c3-ed0ad8ce02f9.jpg?w=380&h=238&fm=jpg&auto=compress&fit=crop","price":"59.99","pricePer":"$0.78 / fl oz","purchaseUnit":"1 count"},{"mainCategory":"Alcohol","categoryName":"Perfect for Picnicking","subCategoryName":"","title":"Margarita","producer":"Salt Point","photoPath":"https://goodeggs4.imgix.net/4deae070-867b-11eb-b501-af2be9b58b0f?w=380&h=238&fm=jpg&auto=compress&fit=crop","price":"19.99","pricePer":"$0.42 / oz","purchaseUnit":"4 count"},{"mainCategory":"Alcohol","categoryName":"Perfect for Picnicking","subCategoryName":"","title":"Greyhound","producer":"Salt Point","photoPath":"https://goodeggs4.imgix.net/5d5e2d70-8679-11eb-8ffc-b73267f90a16?w=380&h=238&fm=jpg&auto=compress&fit=crop","price":"19.99","pricePer":"$0.42 / oz","purchaseUnit":"4 count"},{"mainCategory":"Alcohol","categoryName":"Perfect for Picnicking","subCategoryName":"","title":"Moscow Mule","producer":"Salt Point","photoPath":"https://goodeggs4.imgix.net/391eeec0-867b-11eb-a49c-035b9bcc7078?w=380&h=238&fm=jpg&auto=compress&fit=crop","price":"19.99","pricePer":"$0.42 / oz","purchaseUnit":"4 count"},{"mainCategory":"Alcohol","categoryName":"Perfect for Picnicking","subCategoryName":"","title":"Organic Sparkling Cucumber Lemonade Craft Cocktail","producer":"Prairie Organic Spirits","photoPath":"https://goodeggs4.imgix.net/1982c770-c194-4e51-b632-9bc8493b408c.jpg?w=380&h=238&fm=jpg&auto=compress&fit=crop","price":"14.99","pricePer":"$0.31 / fl oz","purchaseUnit":"4 count"},{"mainCategory":"Alcohol","categoryName":"Perfect for Picnicking","subCategoryName":"","title":"Organic Sparkling Minnesota Bootleg Craft Cocktail","producer":"Prairie Organic Spirits","photoPath":"https://goodeggs4.imgix.net/7077202b-334b-461c-b66c-17cec9806485.jpg?w=380&h=238&fm=jpg&auto=compress&fit=crop","price":"14.99","pricePer":"$0.31 / fl oz","purchaseUnit":"4 count"},{"mainCategory":"Alcohol","categoryName":"Perfect for Picnicking","subCategoryName":"","title":"Temescal Pils","producer":"Temescal Brewing","photoPath":"https://goodeggs4.imgix.net/3573709a-fbb0-49f9-8e0b-5a68c9e740ae.jpg?w=380&h=238&fm=jpg&auto=compress&fit=crop","price":"14.99","pricePer":"$0.23 / fl oz","purchaseUnit":"64 fl oz"},{"mainCategory":"Alcohol","categoryName":"Perfect for Picnicking","subCategoryName":"","title":"Naughty Hops IPA","producer":"Barrel Brothers Brewing Company","photoPath":"https://goodeggs4.imgix.net/d443ecbd-f577-44cf-924a-adfc8ac59a97.jpg?w=380&h=238&fm=jpg&auto=compress&fit=crop","price":"12.99","pricePer":"$0.20 / fl oz","purchaseUnit":"4 count"},{"mainCategory":"Alcohol","categoryName":"Perfect for Picnicking","subCategoryName":"","title":"Voodoo Ranger IPA Variety 12-Pack","producer":"New Belgium Brewing Company","photoPath":"https://goodeggs4.imgix.net/65fc29b9-a63e-4c35-a46d-d918f6ee710a.jpg?w=380&h=238&fm=jpg&auto=compress&fit=crop","price":"18.99","pricePer":"$0.26 / fl oz","purchaseUnit":"12 count"},{"mainCategory":"Alcohol","categoryName":"Perfect for Picnicking","subCategoryName":"","title":"Palmia Lemon-Infused Lager","producer":"Palmia","photoPath":"https://goodeggs4.imgix.net/f1af38f2-e6ca-4820-94ef-ada230275133.jpg?w=380&h=238&fm=jpg&auto=compress&fit=crop","price":"9.49","pricePer":"$0.13 / fl oz","purchaseUnit":"6 count"},{"mainCategory":"Alcohol","categoryName":"Perfect for Picnicking","subCategoryName":"","title":"Red Lager","producer":"East Brother Beer Co. ","photoPath":"https://goodeggs4.imgix.net/0437ca07-93e8-4986-bf3f-270d07c55d86.jpg?w=380&h=238&fm=jpg&auto=compress&fit=crop","price":"11.99","pricePer":null,"purchaseUnit":"4 count"},{"mainCategory":"Alcohol","categoryName":"Perfect for Picnicking","subCategoryName":"","title":"Hard Seltzer Variety 12-Pack","producer":"Ficks Real Fruit Hard Seltzer","photoPath":"https://goodeggs4.imgix.net/e1835b76-d8e9-41a6-b053-51c668e5b44d.jpg?w=380&h=238&fm=jpg&auto=compress&fit=crop","price":"19.99","pricePer":"$0.14 / fl oz","purchaseUnit":"12 count"},{"mainCategory":"Alcohol","categoryName":"Perfect for Picnicking","subCategoryName":"","title":"Mango Hard Seltzer","producer":"Ficks Real Fruit Hard Seltzer","photoPath":"https://goodeggs4.imgix.net/4973e2c1-1ba0-4c26-99fd-af1ef2538e5e.jpg?w=380&h=238&fm=jpg&auto=compress&fit=crop","price":"12.99","pricePer":"$0.18 / fl oz","purchaseUnit":"6 count"},{"mainCategory":"Alcohol","categoryName":"Perfect for Picnicking","subCategoryName":"","title":"Oatmeal Stout","producer":"East Brother Beer Co. ","photoPath":"https://goodeggs4.imgix.net/fe377286-73ec-469a-944b-6dfa0f04d3a8.jpg?w=380&h=238&fm=jpg&auto=compress&fit=crop","price":"10.99","pricePer":null,"purchaseUnit":"4 count"},{"mainCategory":"Alcohol","categoryName":"Perfect for Picnicking","subCategoryName":"","title":"Rosé California (Can)","producer":"Brick & Mortar","photoPath":"https://goodeggs4.imgix.net/ce667ed4-7bdd-4e53-af5f-1c77ec836471.jpg?w=380&h=238&fm=jpg&auto=compress&fit=crop","price":"7.99","pricePer":"$0.63 / fl oz","purchaseUnit":"375 ml"},{"mainCategory":"Alcohol","categoryName":"Perfect for Picnicking","subCategoryName":"","title":"Zinfandel","producer":"Sans Wine Co. ","photoPath":"https://goodeggs4.imgix.net/aa17a936-4e2e-4680-aae5-89f75b0ce9a1.jpg?w=380&h=238&fm=jpg&auto=compress&fit=crop","price":"9.99","pricePer":"$0.78 / fl oz","purchaseUnit":"375 ml"},{"mainCategory":"Alcohol","categoryName":"Perfect for Picnicking","subCategoryName":"","title":"Riesling","producer":"Sans Wine Co. ","photoPath":"https://goodeggs4.imgix.net/bd90dd68-24d8-4d6f-8e8f-50965082a10d.jpg?w=380&h=238&fm=jpg&auto=compress&fit=crop","price":"14.99","pricePer":"$1.18 / fl oz","purchaseUnit":"375 ml"},{"mainCategory":"Alcohol","categoryName":"Beer","subCategoryName":"Lagers & Pilsners","title":"Palmia Lemon-Infused Lager","producer":"Palmia","photoPath":"https://goodeggs4.imgix.net/f1af38f2-e6ca-4820-94ef-ada230275133.jpg?w=380&h=238&fm=jpg&auto=compress&fit=crop","price":"9.49","pricePer":"$0.13 / fl oz","purchaseUnit":"6 count"},{"mainCategory":"Alcohol","categoryName":"Beer","subCategoryName":"Lagers & Pilsners","title":"Temescal Pils","producer":"Temescal Brewing","photoPath":"https://goodeggs4.imgix.net/3573709a-fbb0-49f9-8e0b-5a68c9e740ae.jpg?w=380&h=238&fm=jpg&auto=compress&fit=crop","price":"14.99","pricePer":"$0.23 / fl oz","purchaseUnit":"64 fl oz"},{"mainCategory":"Alcohol","categoryName":"Beer","subCategoryName":"Lagers & Pilsners","title":"Scrimshaw Pilsner","producer":"North Coast Brewing Co.","photoPath":"https://goodeggs4.imgix.net/167bdf9e-2fd4-4511-a10f-46eb19f9daa9.jpg?w=380&h=238&fm=jpg&auto=compress&fit=crop","price":"8.99","pricePer":"$0.12 / fl oz","purchaseUnit":"6 count"},{"mainCategory":"Alcohol","categoryName":"Beer","subCategoryName":"Lagers & Pilsners","title":"Dad Pants Pilsner","producer":"Barrel Brothers Brewing Company","photoPath":"https://goodeggs4.imgix.net/3fc64154-bd27-4e75-b826-b6d2bccdb286.jpg?w=380&h=238&fm=jpg&auto=compress&fit=crop","price":"12.99","pricePer":"$0.20 / fl oz","purchaseUnit":"4 count"},{"mainCategory":"Alcohol","categoryName":"Beer","subCategoryName":"Lagers & Pilsners","title":"Bo Pils","producer":"East Brother Beer Co. ","photoPath":"https://goodeggs4.imgix.net/edfbe12a-6fb6-4886-a975-fd715d3c94f8.jpg?w=380&h=238&fm=jpg&auto=compress&fit=crop","price":"10.99","pricePer":null,"purchaseUnit":"4 count"},{"mainCategory":"Alcohol","categoryName":"Beer","subCategoryName":"IPA Multipacks","title":"Naughty Hops IPA","producer":"Barrel Brothers Brewing Company","photoPath":"https://goodeggs4.imgix.net/d443ecbd-f577-44cf-924a-adfc8ac59a97.jpg?w=380&h=238&fm=jpg&auto=compress&fit=crop","price":"12.99","pricePer":"$0.20 / fl oz","purchaseUnit":"4 count"},{"mainCategory":"Alcohol","categoryName":"Beer","subCategoryName":"IPA Multipacks","title":"Hazy IPA","producer":"Temescal Brewing","photoPath":"https://goodeggs4.imgix.net/4fac3934-41e7-426f-bda1-3d67207cf920.jpg?w=380&h=238&fm=jpg&auto=compress&fit=crop","price":"19.99","pricePer":"$0.31 / fl oz","purchaseUnit":"64 fl oz"},{"mainCategory":"Alcohol","categoryName":"Beer","subCategoryName":"IPA Multipacks","title":"Hazy Little Thing IPA","producer":"Sierra Nevada Brewing Company","photoPath":"https://goodeggs4.imgix.net/1961e479-489f-4558-87cc-6f45d5c3f292.jpg?w=380&h=238&fm=jpg&auto=compress&fit=crop","price":"9.49","pricePer":"$0.13 / fl oz","purchaseUnit":"6 count"},{"mainCategory":"Alcohol","categoryName":"Beer","subCategoryName":"IPA Multipacks","title":"Villager IPA","producer":"Fort Point Beer Company","photoPath":"https://goodeggs4.imgix.net/f82b44c1-bac4-44f5-a9c3-c30bfa931d33.jpg?w=380&h=238&fm=jpg&auto=compress&fit=crop","price":"12.99","pricePer":"$0.18 / fl oz","purchaseUnit":"6 count"},{"mainCategory":"Alcohol","categoryName":"Beer","subCategoryName":"IPA Multipacks","title":"IPA","producer":"Lagunitas Brewing Company","photoPath":"https://goodeggs4.imgix.net/fa5081f2-39cb-46c5-9669-abb4aa15c79b.jpg?w=380&h=238&fm=jpg&auto=compress&fit=crop","price":"9.49","pricePer":"$0.13 / fl oz","purchaseUnit":"6 count"},{"mainCategory":"Alcohol","categoryName":"Beer","subCategoryName":"IPA Multipacks","title":"Animal IPA","producer":"Fort Point Beer Company","photoPath":"https://goodeggs4.imgix.net/b9c794cf-e9db-459f-a92f-a24eb3889431.jpg?w=380&h=238&fm=jpg&auto=compress&fit=crop","price":"13.99","pricePer":"$0.19 / fl oz","purchaseUnit":"6 count"},{"mainCategory":"Alcohol","categoryName":"Beer","subCategoryName":"IPA Multipacks","title":"Gold IPA","producer":"East Brother Beer Co. ","photoPath":"https://goodeggs4.imgix.net/be9d5067-b947-4d79-8394-8c3ce1244ae8.jpg?w=380&h=238&fm=jpg&auto=compress&fit=crop","price":"11.99","pricePer":null,"purchaseUnit":"4 count"},{"mainCategory":"Alcohol","categoryName":"Beer","subCategoryName":"IPA Multipacks","title":"Racer 5 IPA","producer":"Bear Republic","photoPath":"https://goodeggs4.imgix.net/51de4f93-0cd8-4f41-9365-99ce4f9a6d1b.jpg?w=380&h=238&fm=jpg&auto=compress&fit=crop","price":"9.99","pricePer":"$0.14 / fl oz","purchaseUnit":"6 count"},{"mainCategory":"Alcohol","categoryName":"Beer","subCategoryName":"IPA Multipacks","title":"Voodoo Ranger IPA Variety 12-Pack","producer":"New Belgium Brewing Company","photoPath":"https://goodeggs4.imgix.net/65fc29b9-a63e-4c35-a46d-d918f6ee710a.jpg?w=380&h=238&fm=jpg&auto=compress&fit=crop","price":"18.99","pricePer":"$0.26 / fl oz","purchaseUnit":"12 count"},{"mainCategory":"Alcohol","categoryName":"Beer","subCategoryName":"IPA Multipacks","title":"Juicy Haze IPA","producer":"New Belgium Brewing Company","photoPath":"https://goodeggs4.imgix.net/a5c6231f-64ea-49e5-a902-9bca023eccda.jpg?w=380&h=238&fm=jpg&auto=compress&fit=crop","price":"10.99","pricePer":"$0.15 / fl oz","purchaseUnit":"6 count"},{"mainCategory":"Alcohol","categoryName":"Beer","subCategoryName":"IPA Multipacks","title":"Racer 5 IPA","producer":"Bear Republic","photoPath":"https://goodeggs4.imgix.net/d4e6f47d-c57a-446f-9e08-06c95a37baf1.jpg?w=380&h=238&fm=jpg&auto=compress&fit=crop","price":"16.99","pricePer":"$0.12 / fl oz","purchaseUnit":"12 count"},{"mainCategory":"Alcohol","categoryName":"Beer","subCategoryName":"Belgian Style Ales","title":"Saison","producer":"Half Moon Bay Brewing","photoPath":"https://goodeggs4.imgix.net/d62b9da5-c4d4-4e8e-8d57-4cbc16b3848e.jpg?w=380&h=238&fm=jpg&auto=compress&fit=crop","price":"4.99","pricePer":"$0.23 / fl oz","purchaseUnit":"22 fl oz"},{"mainCategory":"Alcohol","categoryName":"Beer","subCategoryName":"Belgian Style Ales","title":"Le Merle Saison","producer":"North Coast Brewing Co.","photoPath":"https://goodeggs4.imgix.net/381dcc87-f5b7-4812-bb49-dc72ed371313.jpg?w=380&h=238&fm=jpg&auto=compress&fit=crop","price":"7.99","pricePer":"$0.32 / fl oz","purchaseUnit":"750 ml"},{"mainCategory":"Alcohol","categoryName":"Beer","subCategoryName":"Ambers, Reds, & Browns","title":"Red Lager","producer":"East Brother Beer Co. ","photoPath":"https://goodeggs4.imgix.net/0437ca07-93e8-4986-bf3f-270d07c55d86.jpg?w=380&h=238&fm=jpg&auto=compress&fit=crop","price":"11.99","pricePer":null,"purchaseUnit":"4 count"},{"mainCategory":"Alcohol","categoryName":"Beer","subCategoryName":"Ambers, Reds, & Browns","title":"Westfalia Red Ale","producer":"Fort Point Beer Company","photoPath":"https://goodeggs4.imgix.net/84b7ff60-f5ef-4138-9ecb-3647c319dbc9.jpg?w=380&h=238&fm=jpg&auto=compress&fit=crop","price":"12.99","pricePer":"$0.18 / fl oz","purchaseUnit":"6 count"},{"mainCategory":"Alcohol","categoryName":"Beer","subCategoryName":"Ambers, Reds, & Browns","title":"Amber Ale","producer":"Half Moon Bay Brewing","photoPath":"https://goodeggs4.imgix.net/8418bc62-ecbc-4fc3-9923-9c99e9a7024f.jpg?w=380&h=238&fm=jpg&auto=compress&fit=crop","price":"4.99","pricePer":"$0.23 / fl oz","purchaseUnit":"22 fl oz"},{"mainCategory":"Alcohol","categoryName":"Beer","subCategoryName":"Twelve Packs","title":"Hard Seltzer Variety 12-Pack","producer":"Ficks Real Fruit Hard Seltzer","photoPath":"https://goodeggs4.imgix.net/e1835b76-d8e9-41a6-b053-51c668e5b44d.jpg?w=380&h=238&fm=jpg&auto=compress&fit=crop","price":"19.99","pricePer":"$0.14 / fl oz","purchaseUnit":"12 count"},{"mainCategory":"Alcohol","categoryName":"Beer","subCategoryName":"Twelve Packs","title":"The Sampler 12-pack","producer":"Sierra Nevada Brewing Company","photoPath":"https://goodeggs4.imgix.net/6bf51a2d-04b7-422b-9729-16d259cf3179.jpg?w=380&h=238&fm=jpg&auto=compress&fit=crop","price":"19.99","pricePer":null,"purchaseUnit":"12 count"},{"mainCategory":"Alcohol","categoryName":"Beer","subCategoryName":"Twelve Packs","title":"Pale Ale","producer":"Sierra Nevada Brewing Company","photoPath":"https://goodeggs4.imgix.net/712cf028-4d20-4b2a-bf1b-b9a6c383fe10.jpg?w=380&h=238&fm=jpg&auto=compress&fit=crop","price":"16.99","pricePer":"$0.12 / fl oz","purchaseUnit":"12 count"},{"mainCategory":"Alcohol","categoryName":"Beer","subCategoryName":"Twelve Packs","title":"Racer 5 IPA","producer":"Bear Republic","photoPath":"https://goodeggs4.imgix.net/d4e6f47d-c57a-446f-9e08-06c95a37baf1.jpg?w=380&h=238&fm=jpg&auto=compress&fit=crop","price":"16.99","pricePer":"$0.12 / fl oz","purchaseUnit":"12 count"},{"mainCategory":"Alcohol","categoryName":"Beer","subCategoryName":"Twelve Packs","title":"Villager IPA 12-pack","producer":"Fort Point Beer Company","photoPath":"https://goodeggs4.imgix.net/d4f65f95-fd35-4c55-bb15-b65dcb9878a3.jpg?w=380&h=238&fm=jpg&auto=compress&fit=crop","price":"21.99","pricePer":"$0.31 / fl oz","purchaseUnit":"12 count"},{"mainCategory":"Alcohol","categoryName":"Beer","subCategoryName":"Twelve Packs","title":"Voodoo Ranger IPA Variety 12-Pack","producer":"New Belgium Brewing Company","photoPath":"https://goodeggs4.imgix.net/65fc29b9-a63e-4c35-a46d-d918f6ee710a.jpg?w=380&h=238&fm=jpg&auto=compress&fit=crop","price":"18.99","pricePer":"$0.26 / fl oz","purchaseUnit":"12 count"},{"mainCategory":"Alcohol","categoryName":"Beer","subCategoryName":"Stouts & Porters","title":"Oatmeal Stout","producer":"East Brother Beer Co. ","photoPath":"https://goodeggs4.imgix.net/fe377286-73ec-469a-944b-6dfa0f04d3a8.jpg?w=380&h=238&fm=jpg&auto=compress&fit=crop","price":"10.99","pricePer":null,"purchaseUnit":"4 count"},{"mainCategory":"Alcohol","categoryName":"Beer","subCategoryName":"Stouts & Porters","title":"Old Rasputin Imperial Stout","producer":"North Coast Brewing Co.","photoPath":"https://goodeggs4.imgix.net/d4cf571d-4b8f-4958-ae17-0e614a12e184.jpg?w=380&h=238&fm=jpg&auto=compress&fit=crop","price":"9.49","pricePer":"$0.20 / fl oz","purchaseUnit":"4 count"},{"mainCategory":"Alcohol","categoryName":"Beer","subCategoryName":"Stouts & Porters","title":"Campfire Stout","producer":"High Water Brewing","photoPath":"https://goodeggs4.imgix.net/0f875d0d-87fa-4045-a54b-20d689db0218.jpg?w=380&h=238&fm=jpg&auto=compress&fit=crop","price":"14.99","pricePer":"$0.23 / fl oz","purchaseUnit":"4 count"},{"mainCategory":"Alcohol","categoryName":"Beer","subCategoryName":"Stouts & Porters","title":"Dark Sarcasm Porter","producer":"Barrel Brothers Brewing Company","photoPath":"https://goodeggs4.imgix.net/7b156e08-b202-45a6-9674-5bbd1c5333a4.jpg?w=380&h=238&fm=jpg&auto=compress&fit=crop","price":"12.99","pricePer":"$0.20 / fl oz","purchaseUnit":"4 count"},{"mainCategory":"Alcohol","categoryName":"Beer","subCategoryName":"Stouts & Porters","title":"Campfire Stout","producer":"High Water Brewing","photoPath":"https://goodeggs4.imgix.net/c97c7d52-417c-4693-9f61-3f461529bb8b.jpg?w=380&h=238&fm=jpg&auto=compress&fit=crop","price":"7.99","pricePer":"$0.36 / fl oz","purchaseUnit":"22 fl oz"},{"mainCategory":"Alcohol","categoryName":"Beer","subCategoryName":"Stouts & Porters","title":"Calf-eine Coffee Milk Stout","producer":"Half Moon Bay Brewing","photoPath":"https://goodeggs4.imgix.net/676dea02-62af-4b95-b146-5583c2ec0bb6.jpg?w=380&h=238&fm=jpg&auto=compress&fit=crop","price":"4.99","pricePer":"$0.23 / fl oz","purchaseUnit":"22 fl oz"},{"mainCategory":"Alcohol","categoryName":"Beer","subCategoryName":"IPA Singles","title":"3 Flowers IPA","producer":"Marin Brewing Company","photoPath":"https://goodeggs4.imgix.net/706e9f60-a7c0-4def-9d4d-4184ed7a0c34.jpg?w=380&h=238&fm=jpg&auto=compress&fit=crop","price":"4.99","pricePer":"$0.23 / fl oz","purchaseUnit":"22 fl oz"},{"mainCategory":"Alcohol","categoryName":"Beer","subCategoryName":"IPA Singles","title":"IPA","producer":"Half Moon Bay Brewing","photoPath":"https://goodeggs4.imgix.net/04f3aad1-4b9f-4cc4-9daa-75285c5ed196.jpg?w=380&h=238&fm=jpg&auto=compress&fit=crop","price":"4.99","pricePer":"$0.23 / fl oz","purchaseUnit":"22 fl oz"},{"mainCategory":"Alcohol","categoryName":"Beer","subCategoryName":"Pale Ales & Session IPAs","title":"Pale Ale","producer":"Sierra Nevada Brewing Company","photoPath":"https://goodeggs4.imgix.net/712cf028-4d20-4b2a-bf1b-b9a6c383fe10.jpg?w=380&h=238&fm=jpg&auto=compress&fit=crop","price":"16.99","pricePer":"$0.12 / fl oz","purchaseUnit":"12 count"},{"mainCategory":"Alcohol","categoryName":"Beer","subCategoryName":"Pale Ales & Session IPAs","title":"Galaxy Park Pale Ale","producer":"Fort Point Beer Company","photoPath":"https://goodeggs4.imgix.net/24bf0b60-79ae-4e52-9d48-858c4f1dba93.jpg?w=380&h=238&fm=jpg&auto=compress&fit=crop","price":"12.99","pricePer":"$0.18 / fl oz","purchaseUnit":"6 count"},{"mainCategory":"Alcohol","categoryName":"Beer","subCategoryName":"German Style Beers","title":"KSA Kölsch","producer":"Fort Point Beer Company","photoPath":"https://goodeggs4.imgix.net/c60da7ef-45f1-4ea0-844c-f5a46286ff27.jpg?w=380&h=238&fm=jpg&auto=compress&fit=crop","price":"11.99","pricePer":"$0.17 / fl oz","purchaseUnit":"6 count"},{"mainCategory":"Alcohol","categoryName":"Beer","subCategoryName":"German Style Beers","title":"Kölsch","producer":"Half Moon Bay Brewing","photoPath":"https://goodeggs4.imgix.net/fa415ca7-1aac-4fa0-ad2f-5b4a710305c9.jpg?w=380&h=238&fm=jpg&auto=compress&fit=crop","price":"4.99","pricePer":"$0.23 / fl oz","purchaseUnit":"22 fl oz"},{"mainCategory":"Alcohol","categoryName":"Beer","subCategoryName":"Blonde Ales","title":"Organic Blonde Ale","producer":"Eel River Brewing Company","photoPath":"https://goodeggs4.imgix.net/fa772c07-f896-4e62-9a75-50f73257d684.jpg?w=380&h=238&fm=jpg&auto=compress&fit=crop","price":"10.99","pricePer":"$0.15 / fl oz","purchaseUnit":"6 count"},{"mainCategory":"Alcohol","categoryName":"Beer","subCategoryName":"Imperial IPAs","title":"Voodoo Ranger Imperial IPA","producer":"New Belgium Brewing Company","photoPath":"https://goodeggs4.imgix.net/b17e7540-32f6-4c66-bd43-e02245b6d210.jpg?w=380&h=238&fm=jpg&auto=compress&fit=crop","price":"11.49","pricePer":"$0.16 / fl oz","purchaseUnit":"6 count"},{"mainCategory":"Alcohol","categoryName":"Spirits","subCategoryName":"Gin","title":"Prairie Organic Gin","producer":"Prairie Organic Spirits","photoPath":"https://goodeggs4.imgix.net/52aa1b31-023a-4678-8c32-4686b6c167ec.jpg?w=380&h=238&fm=jpg&auto=compress&fit=crop","price":"19.99","pricePer":"$0.78 / fl oz","purchaseUnit":"750 ml"},{"mainCategory":"Alcohol","categoryName":"Spirits","subCategoryName":"Gin","title":"Botanivore Gin","producer":"St. George Spirits","photoPath":"https://goodeggs4.imgix.net/b3d972b9-48ae-41f9-ba3b-75b52b896a26.jpg?w=380&h=238&fm=jpg&auto=compress&fit=crop","price":"31.99","pricePer":"$1.26 / fl oz","purchaseUnit":"750 ml"},{"mainCategory":"Alcohol","categoryName":"Spirits","subCategoryName":"Gin","title":"Terroir Gin","producer":"St. George Spirits","photoPath":"https://goodeggs4.imgix.net/2f2b034a-be9e-4edb-be7b-c35bc7302ed4.jpg?w=380&h=238&fm=jpg&auto=compress&fit=crop","price":"31.99","pricePer":"$1.26 / fl oz","purchaseUnit":"750 ml"},{"mainCategory":"Alcohol","categoryName":"Spirits","subCategoryName":"Gin","title":"Reposado Gin","producer":"St. George Spirits","photoPath":"https://goodeggs4.imgix.net/c4c04929-dd3e-450f-b085-eaf2e9dedf59.jpg?w=380&h=238&fm=jpg&auto=compress&fit=crop","price":"37.99","pricePer":"$1.49 / fl oz","purchaseUnit":"750 ml"},{"mainCategory":"Alcohol","categoryName":"Spirits","subCategoryName":"Gin","title":"Dry Rye Gin","producer":"St. George Spirits","photoPath":"https://goodeggs4.imgix.net/08c690c5-60d3-4c33-ab7b-f98d6d576838.jpg?w=380&h=238&fm=jpg&auto=compress&fit=crop","price":"31.99","pricePer":"$1.26 / fl oz","purchaseUnit":"750 ml"},{"mainCategory":"Alcohol","categoryName":"Spirits","subCategoryName":"Whiskey & Whisky","title":"Bourbon","producer":"Wright & Brown Distillery ","photoPath":"https://goodeggs4.imgix.net/622ba766-91d9-41dd-a698-1f6977813af5.jpg?w=380&h=238&fm=jpg&auto=compress&fit=crop","price":"59.99","pricePer":null,"purchaseUnit":"750 ml"},{"mainCategory":"Alcohol","categoryName":"Spirits","subCategoryName":"Whiskey & Whisky","title":"Kentucky Straight Bourbon","producer":"Four Roses","photoPath":"https://goodeggs4.imgix.net/d914a4f7-e97e-46e5-a5ba-d2b3a1cb6d74.jpg?w=380&h=238&fm=jpg&auto=compress&fit=crop","price":"24.99","pricePer":"$0.98 / fl oz","purchaseUnit":"750 ml"},{"mainCategory":"Alcohol","categoryName":"Spirits","subCategoryName":"Whiskey & Whisky","title":"Home Base Bourbon","producer":"Home Base Spirits","photoPath":"https://goodeggs4.imgix.net/c3e4dd0d-cbc2-4147-9467-03f35f4b38a8.jpg?w=380&h=238&fm=jpg&auto=compress&fit=crop","price":"49.99","pricePer":"$1.97 / fl oz","purchaseUnit":"750 ml"},{"mainCategory":"Alcohol","categoryName":"Spirits","subCategoryName":"Whiskey & Whisky","title":"Single Barrel Bourbon","producer":"Four Roses","photoPath":"https://goodeggs4.imgix.net/2a90ebe9-1dff-4e6c-8cda-208277c19431.jpg?w=380&h=238&fm=jpg&auto=compress&fit=crop","price":"49.99","pricePer":"$1.97 / fl oz","purchaseUnit":"750 ml"},{"mainCategory":"Alcohol","categoryName":"Spirits","subCategoryName":"Whiskey & Whisky","title":"Classic Rye","producer":"Dad's Hat Pennsylvania Rye Whiskey","photoPath":"https://goodeggs4.imgix.net/cf8d916d-098a-4073-b4fe-c2f35abfbde3.jpg?w=380&h=238&fm=jpg&auto=compress&fit=crop","price":"39.99","pricePer":"$1.57 / fl oz","purchaseUnit":"750 ml"},{"mainCategory":"Alcohol","categoryName":"Spirits","subCategoryName":"Whiskey & Whisky","title":"Rye","producer":"Wright & Brown Distillery ","photoPath":"https://goodeggs4.imgix.net/8a5cbe11-b9c2-4486-a71a-e6b2a6d7aaa6.jpg?w=380&h=238&fm=jpg&auto=compress&fit=crop","price":"59.99","pricePer":null,"purchaseUnit":"750 ml"},{"mainCategory":"Alcohol","categoryName":"Spirits","subCategoryName":"Vodka","title":"Organic Vodka","producer":"Hanson of Sonoma","photoPath":"https://goodeggs4.imgix.net/90d40081-c32c-4c56-a63d-252a258a9a3d.jpg?w=380&h=238&fm=jpg&auto=compress&fit=crop","price":"29.99","pricePer":"$1.18 / fl oz","purchaseUnit":"750 ml"},{"mainCategory":"Alcohol","categoryName":"Spirits","subCategoryName":"Vodka","title":"Prairie Organic Vodka","producer":"Prairie Organic Spirits","photoPath":"https://goodeggs4.imgix.net/c940322a-659e-4519-af03-9339ceef7838.jpg?w=380&h=238&fm=jpg&auto=compress&fit=crop","price":"19.99","pricePer":"$0.78 / fl oz","purchaseUnit":"750 ml"},{"mainCategory":"Alcohol","categoryName":"Spirits","subCategoryName":"Vodka","title":"All Purpose Vodka","producer":"St. George Spirits","photoPath":"https://goodeggs4.imgix.net/fc1ccda7-c673-4752-a934-cb7231f614e8.jpg?w=380&h=238&fm=jpg&auto=compress&fit=crop","price":"24.99","pricePer":"$0.98 / fl oz","purchaseUnit":"750 ml"},{"mainCategory":"Alcohol","categoryName":"Spirits","subCategoryName":"Vodka","title":"Organic Vodka","producer":"Humboldt Distillery","photoPath":"https://goodeggs4.imgix.net/f93ba0e3-129e-4bba-84f4-9d142036d00f.jpg?w=380&h=238&fm=jpg&auto=compress&fit=crop","price":"22.99","pricePer":"$0.90 / fl oz","purchaseUnit":"750 ml"},{"mainCategory":"Alcohol","categoryName":"Spirits","subCategoryName":"Vodka","title":"California Citrus Vodka","producer":"St. George Spirits","photoPath":"https://goodeggs4.imgix.net/d09d81f1-94bb-476d-8a71-4c646938135c.jpg?w=380&h=238&fm=jpg&auto=compress&fit=crop","price":"24.99","pricePer":"$0.98 / fl oz","purchaseUnit":"750 ml"},{"mainCategory":"Alcohol","categoryName":"Spirits","subCategoryName":"Vodka","title":"Organic Mandarin Vodka","producer":"Hanson of Sonoma","photoPath":"https://goodeggs4.imgix.net/3a58d83b-1bda-404b-9b36-9378a3824257.jpg?w=380&h=238&fm=jpg&auto=compress&fit=crop","price":"29.99","pricePer":"$1.18 / fl oz","purchaseUnit":"750 ml"},{"mainCategory":"Alcohol","categoryName":"Spirits","subCategoryName":"Vodka","title":"Organic Habanero Vodka","producer":"Hanson of Sonoma","photoPath":"https://goodeggs4.imgix.net/995ba74c-9fb9-4040-a581-4c1b2d4e66b3.jpg?w=380&h=238&fm=jpg&auto=compress&fit=crop","price":"29.99","pricePer":"$1.18 / fl oz","purchaseUnit":"750 ml"},{"mainCategory":"Alcohol","categoryName":"Spirits","subCategoryName":"Vodka","title":"Organic Cucumber Vodka","producer":"Hanson of Sonoma","photoPath":"https://goodeggs4.imgix.net/3e5a0c44-653c-45cc-ae28-eb51cbe8493b.jpg?w=380&h=238&fm=jpg&auto=compress&fit=crop","price":"29.99","pricePer":"$1.18 / fl oz","purchaseUnit":"750 ml"},{"mainCategory":"Alcohol","categoryName":"Spirits","subCategoryName":"Vodka","title":"Green Chile Vodka","producer":"St. George Spirits","photoPath":"https://goodeggs4.imgix.net/862c1f8e-e2e9-404a-9cd5-4095f313ca6a.jpg?w=380&h=238&fm=jpg&auto=compress&fit=crop","price":"24.99","pricePer":"$0.98 / fl oz","purchaseUnit":"750 ml"},{"mainCategory":"Alcohol","categoryName":"Spirits","subCategoryName":"Vodka","title":"Prairie Organic Cucumber Vodka","producer":"Prairie Organic Spirits","photoPath":"https://goodeggs4.imgix.net/1e6c8e45-180e-4c27-8808-4bda98fae34a.jpg?w=380&h=238&fm=jpg&auto=compress&fit=crop","price":"19.99","pricePer":"$0.78 / fl oz","purchaseUnit":"750 ml"},{"mainCategory":"Alcohol","categoryName":"Spirits","subCategoryName":"Tequila & Agave Spirits","title":"Reposado Tequila","producer":"Don Abraham","photoPath":"https://goodeggs4.imgix.net/0b4e7304-fc62-48e7-879c-9b53bebea4d8.jpg?w=380&h=238&fm=jpg&auto=compress&fit=crop","price":"39.99","pricePer":"$1.57 / fl oz","purchaseUnit":"750 ml"},{"mainCategory":"Alcohol","categoryName":"Spirits","subCategoryName":"Tequila & Agave Spirits","title":"Blanco Tequila","producer":"Don Abraham","photoPath":"https://goodeggs4.imgix.net/4c8bc021-799b-42f9-9e47-af9169d75c28.jpg?w=380&h=238&fm=jpg&auto=compress&fit=crop","price":"34.99","pricePer":"$1.37 / fl oz","purchaseUnit":"750 ml"},{"mainCategory":"Alcohol","categoryName":"Spirits","subCategoryName":"Tequila & Agave Spirits","title":"Blanco Tequila Infused with Grapefruit & Hibiscus","producer":"21SEEDS","photoPath":"https://goodeggs4.imgix.net/259b419a-0c3e-492a-a1c4-3fca11d5e6b7.jpg?w=380&h=238&fm=jpg&auto=compress&fit=crop","price":"34.99","pricePer":"$1.37 / fl oz","purchaseUnit":"750 ml"},{"mainCategory":"Alcohol","categoryName":"Spirits","subCategoryName":"Tequila & Agave Spirits","title":"Blanco Tequila Infused with Valencia Orange","producer":"21SEEDS","photoPath":"https://goodeggs4.imgix.net/084998a3-3a35-4736-ad29-8bc14f12ad61.jpg?w=380&h=238&fm=jpg&auto=compress&fit=crop","price":"34.99","pricePer":"$1.37 / fl oz","purchaseUnit":"750 ml"},{"mainCategory":"Alcohol","categoryName":"Spirits","subCategoryName":"Tequila & Agave Spirits","title":"Blanco Tequila Infused with Cucumber & Jalapeño","producer":"21SEEDS","photoPath":"https://goodeggs4.imgix.net/9e94eb53-3914-46f6-8bb7-5137a72628d9.jpg?w=380&h=238&fm=jpg&auto=compress&fit=crop","price":"34.99","pricePer":"$1.37 / fl oz","purchaseUnit":"750 ml"},{"mainCategory":"Alcohol","categoryName":"Spirits","subCategoryName":"Tequila & Agave Spirits","title":"Anejo Tequila","producer":"Don Abraham","photoPath":"https://goodeggs4.imgix.net/7bb49ab5-dff4-4124-a7bc-60076a58d466.jpg?w=380&h=238&fm=jpg&auto=compress&fit=crop","price":"43.99","pricePer":"$1.73 / fl oz","purchaseUnit":"750 ml"},{"mainCategory":"Alcohol","categoryName":"Spirits","subCategoryName":"Brandy & Cordials","title":"Aperitivo","producer":"Leopold Brothers","photoPath":"https://goodeggs4.imgix.net/cc35b68a-6045-4eab-8451-9d2b897709c5.jpg?w=380&h=238&fm=jpg&auto=compress&fit=crop","price":"27.99","pricePer":"$1.10 / fl oz","purchaseUnit":"750 ml"},{"mainCategory":"Alcohol","categoryName":"Spirits","subCategoryName":"Brandy & Cordials","title":"Raspberry Liqueur","producer":"St. George Spirits","photoPath":"https://goodeggs4.imgix.net/c06473b3-3a95-414c-bd66-fae01e556166.jpg?w=380&h=238&fm=jpg&auto=compress&fit=crop","price":"13.99","pricePer":"$2.06 / fl oz","purchaseUnit":"200 ml"},{"mainCategory":"Alcohol","categoryName":"Spirits","subCategoryName":"Brandy & Cordials","title":"Raspberry Liqueur","producer":"St. George Spirits","photoPath":"https://goodeggs4.imgix.net/06cd6c96-4d4f-486f-aa7a-b815d97f7b36.jpg?w=380&h=238&fm=jpg&auto=compress&fit=crop","price":"32.99","pricePer":"$1.30 / fl oz","purchaseUnit":"750 ml"},{"mainCategory":"Alcohol","categoryName":"Spirits","subCategoryName":"Brandy & Cordials","title":"Aperitivo","producer":"Bordiga","photoPath":"https://goodeggs4.imgix.net/cc86cd12-dc81-4426-8a91-37a6d67a5f48.jpg?w=380&h=238&fm=jpg&auto=compress&fit=crop","price":"32.99","pricePer":"$0.97 / fl oz","purchaseUnit":"1 liter"},{"mainCategory":"Alcohol","categoryName":"Spirits","subCategoryName":"Brandy & Cordials","title":"Bitter","producer":"Bordiga","photoPath":"https://goodeggs4.imgix.net/bf8f6ece-553c-48f5-a0f0-91952f2c593b.jpg?w=380&h=238&fm=jpg&auto=compress&fit=crop","price":"32.99","pricePer":"$0.97 / fl oz","purchaseUnit":"1 liter"},{"mainCategory":"Alcohol","categoryName":"Spirits","subCategoryName":"Brandy & Cordials","title":"Spiced Pear Liqueur","producer":"St. George Spirits","photoPath":"https://goodeggs4.imgix.net/a8bf23c4-27b4-43fb-a331-a757e5dfddc2.jpg?w=380&h=238&fm=jpg&auto=compress&fit=crop","price":"32.99","pricePer":"$1.30 / fl oz","purchaseUnit":"750 ml"},{"mainCategory":"Alcohol","categoryName":"Spirits","subCategoryName":"Brandy & Cordials","title":"NOLA Coffee Liqueur","producer":"St. George Spirits","photoPath":"https://goodeggs4.imgix.net/0d58c66f-ee34-4206-8019-70f288b9f2d9.jpg?w=380&h=238&fm=jpg&auto=compress&fit=crop","price":"32.99","pricePer":"$1.30 / fl oz","purchaseUnit":"750 ml"},{"mainCategory":"Alcohol","categoryName":"Spirits","subCategoryName":"Brandy & Cordials","title":"Leopold Brothers Orange Liqueur","producer":"Leopold Brothers","photoPath":"https://goodeggs4.imgix.net/f00d7b75-a909-48ae-83a4-70a6d5e1b2ac.jpg?w=380&h=238&fm=jpg&auto=compress&fit=crop","price":"32.99","pricePer":"$1.30 / fl oz","purchaseUnit":"750 ml"},{"mainCategory":"Alcohol","categoryName":"Spirits","subCategoryName":"Brandy & Cordials","title":"Absinthe Verte","producer":"St. George Spirits","photoPath":"https://goodeggs4.imgix.net/6ff3e347-f4e6-43f4-b32e-e47206a1628e.jpg?w=380&h=238&fm=jpg&auto=compress&fit=crop","price":"59.99","pricePer":"$2.36 / fl oz","purchaseUnit":"750 ml"},{"mainCategory":"Alcohol","categoryName":"Spirits","subCategoryName":"Brandy & Cordials","title":"Rare Alambic Brandy","producer":"Osocalis Distillery","photoPath":"https://goodeggs4.imgix.net/fe36ccd2-da6b-4a02-9470-cd291c8b3cdc.jpg?w=380&h=238&fm=jpg&auto=compress&fit=crop","price":"42.99","pricePer":"$1.69 / fl oz","purchaseUnit":"750 ml"},{"mainCategory":"Alcohol","categoryName":"Spirits","subCategoryName":"Brandy & Cordials","title":"Immature Brandy","producer":"Frisco","photoPath":"https://goodeggs4.imgix.net/810492a3-3490-4f4b-a839-d84c912e4efe.jpg?w=380&h=238&fm=jpg&auto=compress&fit=crop","price":"32.99","pricePer":"$1.30 / fl oz","purchaseUnit":"750 ml"},{"mainCategory":"Alcohol","categoryName":"Spirits","subCategoryName":"Rum & Cane Spirits","title":"Batiste Silver Rhum","producer":"Batiste Rhum","photoPath":"https://goodeggs4.imgix.net/e2815d48-03f4-46b0-a5c1-bee9771a315c.jpg?w=380&h=238&fm=jpg&auto=compress&fit=crop","price":"27.99","pricePer":"$1.10 / fl oz","purchaseUnit":"750 ml"},{"mainCategory":"Alcohol","categoryName":"Spirits","subCategoryName":"Rum & Cane Spirits","title":"White Rum","producer":"Wright & Brown Distillery ","photoPath":"https://goodeggs4.imgix.net/2a2d83ca-8a71-462a-9804-f0cb11bd521f.jpg?w=380&h=238&fm=jpg&auto=compress&fit=crop","price":"39.99","pricePer":null,"purchaseUnit":"750 ml"},{"mainCategory":"Alcohol","categoryName":"Spirits","subCategoryName":"Rum & Cane Spirits","title":"Organic Spiced Rum","producer":"Humboldt Distillery","photoPath":"https://goodeggs4.imgix.net/d6f62990-5283-4f98-99c1-3ebdb0c75c51.jpg?w=380&h=238&fm=jpg&auto=compress&fit=crop","price":"26.99","pricePer":"$1.06 / fl oz","purchaseUnit":"750 ml"},{"mainCategory":"Alcohol","categoryName":"Spirits","subCategoryName":"Rum & Cane Spirits","title":"Barrel Aged Rum","producer":"Wright & Brown Distillery ","photoPath":"https://goodeggs4.imgix.net/83469fcd-683a-4871-be41-8c5e54940bca.jpg?w=380&h=238&fm=jpg&auto=compress&fit=crop","price":"49.99","pricePer":null,"purchaseUnit":"750 ml"},{"mainCategory":"Alcohol","categoryName":"Spirits","subCategoryName":"Rum & Cane Spirits","title":"Single Estate Old Georgia Rum","producer":"Richland Rum","photoPath":"https://goodeggs4.imgix.net/f638c83a-351c-4df2-b47c-e00fb3075500.jpg?w=380&h=238&fm=jpg&auto=compress&fit=crop","price":"54.99","pricePer":"$2.16 / fl oz","purchaseUnit":"750 ml"},{"mainCategory":"Alcohol","categoryName":"Spirits","subCategoryName":"Bitters, Syrups & Mixers","title":"Aperitivo","producer":"Bordiga","photoPath":"https://goodeggs4.imgix.net/cc86cd12-dc81-4426-8a91-37a6d67a5f48.jpg?w=380&h=238&fm=jpg&auto=compress&fit=crop","price":"32.99","pricePer":"$0.97 / fl oz","purchaseUnit":"1 liter"},{"mainCategory":"Alcohol","categoryName":"Spirits","subCategoryName":"Bitters, Syrups & Mixers","title":"Bitter","producer":"Bordiga","photoPath":"https://goodeggs4.imgix.net/bf8f6ece-553c-48f5-a0f0-91952f2c593b.jpg?w=380&h=238&fm=jpg&auto=compress&fit=crop","price":"32.99","pricePer":"$0.97 / fl oz","purchaseUnit":"1 liter"},{"mainCategory":"Alcohol","categoryName":"Spirits","subCategoryName":"Bitters, Syrups & Mixers","title":"Orleans Bitters","producer":"Scrappy's Bitters","photoPath":"https://goodeggs4.imgix.net/61f9ec36-a8a2-4fde-b534-5639e8142f9a.jpg?w=380&h=238&fm=jpg&auto=compress&fit=crop","price":"17.99","pricePer":"$3.59 / fl oz","purchaseUnit":"5 fl oz"},{"mainCategory":"Alcohol","categoryName":"Canned Cocktails","subCategoryName":"","title":"Margarita","producer":"Salt Point","photoPath":"https://goodeggs4.imgix.net/4deae070-867b-11eb-b501-af2be9b58b0f?w=380&h=238&fm=jpg&auto=compress&fit=crop","price":"19.99","pricePer":"$0.42 / oz","purchaseUnit":"4 count"},{"mainCategory":"Alcohol","categoryName":"Canned Cocktails","subCategoryName":"","title":"Greyhound","producer":"Salt Point","photoPath":"https://goodeggs4.imgix.net/5d5e2d70-8679-11eb-8ffc-b73267f90a16?w=380&h=238&fm=jpg&auto=compress&fit=crop","price":"19.99","pricePer":"$0.42 / oz","purchaseUnit":"4 count"},{"mainCategory":"Alcohol","categoryName":"Canned Cocktails","subCategoryName":"","title":"Moscow Mule","producer":"Salt Point","photoPath":"https://goodeggs4.imgix.net/391eeec0-867b-11eb-a49c-035b9bcc7078?w=380&h=238&fm=jpg&auto=compress&fit=crop","price":"19.99","pricePer":"$0.42 / oz","purchaseUnit":"4 count"},{"mainCategory":"Alcohol","categoryName":"Canned Cocktails","subCategoryName":"","title":"The Marina Cocktail","producer":"Small Hand Cocktails","photoPath":"https://goodeggs4.imgix.net/8e6605bd-459d-48b6-aee0-7e23f82d94b5.jpg?w=380&h=238&fm=jpg&auto=compress&fit=crop","price":"9.99","pricePer":null,"purchaseUnit":"200 ml"},{"mainCategory":"Alcohol","categoryName":"Canned Cocktails","subCategoryName":"","title":"Organic Sparkling Cucumber Lemonade Craft Cocktail","producer":"Prairie Organic Spirits","photoPath":"https://goodeggs4.imgix.net/1982c770-c194-4e51-b632-9bc8493b408c.jpg?w=380&h=238&fm=jpg&auto=compress&fit=crop","price":"14.99","pricePer":"$0.31 / fl oz","purchaseUnit":"4 count"},{"mainCategory":"Alcohol","categoryName":"Canned Cocktails","subCategoryName":"","title":"Gin Highball","producer":"Salt Point","photoPath":"https://goodeggs4.imgix.net/5215d760-8679-11eb-8ffc-b73267f90a16?w=380&h=238&fm=jpg&auto=compress&fit=crop","price":"19.99","pricePer":"$0.42 / oz","purchaseUnit":"4 count"},{"mainCategory":"Alcohol","categoryName":"Canned Cocktails","subCategoryName":"","title":"Gin-Lime Gimlet","producer":"Small Hand Cocktails","photoPath":"https://goodeggs4.imgix.net/ec892991-8c2f-4e5e-bce6-9312630fe2e0.jpg?w=380&h=238&fm=jpg&auto=compress&fit=crop","price":"11.99","pricePer":null,"purchaseUnit":"200 ml"},{"mainCategory":"Alcohol","categoryName":"Canned Cocktails","subCategoryName":"","title":"Organic Sparkling Grapefruit Craft Cocktail","producer":"Prairie Organic Spirits","photoPath":"https://goodeggs4.imgix.net/164cbbbb-e0c7-4e3e-9488-ab3f6f1c0846.jpg?w=380&h=238&fm=jpg&auto=compress&fit=crop","price":"14.99","pricePer":"$0.31 / fl oz","purchaseUnit":"4 count"},{"mainCategory":"Alcohol","categoryName":"Canned Cocktails","subCategoryName":"","title":"Pineapple Paloma","producer":"Small Hand Cocktails","photoPath":"https://goodeggs4.imgix.net/e9746678-9438-4200-911a-60d71f0e8ba6.jpg?w=380&h=238&fm=jpg&auto=compress&fit=crop","price":"9.99","pricePer":null,"purchaseUnit":"200 ml"},{"mainCategory":"Alcohol","categoryName":"Canned Cocktails","subCategoryName":"","title":"Plum Blossom Cocktail","producer":"Small Hand Cocktails","photoPath":"https://goodeggs4.imgix.net/43eb5c38-ae41-40cd-b407-0768cdac4191.jpg?w=380&h=238&fm=jpg&auto=compress&fit=crop","price":"9.99","pricePer":null,"purchaseUnit":"200 ml"},{"mainCategory":"Alcohol","categoryName":"Canned Cocktails","subCategoryName":"","title":"Organic Sparkling Minnesota Bootleg Craft Cocktail","producer":"Prairie Organic Spirits","photoPath":"https://goodeggs4.imgix.net/7077202b-334b-461c-b66c-17cec9806485.jpg?w=380&h=238&fm=jpg&auto=compress&fit=crop","price":"14.99","pricePer":"$0.31 / fl oz","purchaseUnit":"4 count"},{"mainCategory":"Alcohol","categoryName":"Canned Cocktails","subCategoryName":"","title":"Vodka-Lime Gimlet","producer":"Small Hand Cocktails","photoPath":"https://goodeggs4.imgix.net/c79e0bb2-c592-4f98-9c13-5ca1e4fb66ea.jpg?w=380&h=238&fm=jpg&auto=compress&fit=crop","price":"11.99","pricePer":null,"purchaseUnit":"200 ml"},{"mainCategory":"Alcohol","categoryName":"Canned Cocktails","subCategoryName":"","title":"Hard Seltzer Variety 12-Pack","producer":"Ficks Real Fruit Hard Seltzer","photoPath":"https://goodeggs4.imgix.net/e1835b76-d8e9-41a6-b053-51c668e5b44d.jpg?w=380&h=238&fm=jpg&auto=compress&fit=crop","price":"19.99","pricePer":"$0.14 / fl oz","purchaseUnit":"12 count"},{"mainCategory":"Alcohol","categoryName":"Canned Cocktails","subCategoryName":"","title":"Mango Hard Seltzer","producer":"Ficks Real Fruit Hard Seltzer","photoPath":"https://goodeggs4.imgix.net/4973e2c1-1ba0-4c26-99fd-af1ef2538e5e.jpg?w=380&h=238&fm=jpg&auto=compress&fit=crop","price":"12.99","pricePer":"$0.18 / fl oz","purchaseUnit":"6 count"},{"mainCategory":"Alcohol","categoryName":"Canned Cocktails","subCategoryName":"","title":"Grapefruit Hard Seltzer","producer":"Ficks Real Fruit Hard Seltzer","photoPath":"https://goodeggs4.imgix.net/e6ca50a6-d4f9-4036-a178-425526cc31b7.jpg?w=380&h=238&fm=jpg&auto=compress&fit=crop","price":"12.99","pricePer":"$0.18 / fl oz","purchaseUnit":"6 count"},{"mainCategory":"Alcohol","categoryName":"Canned Cocktails","subCategoryName":"","title":"Lime Hard Seltzer","producer":"Ficks Real Fruit Hard Seltzer","photoPath":"https://goodeggs4.imgix.net/2f98ef51-86e2-43bf-8013-e8a8249ab798.jpg?w=380&h=238&fm=jpg&auto=compress&fit=crop","price":"12.99","pricePer":"$0.18 / fl oz","purchaseUnit":"6 count"},{"mainCategory":"Alcohol","categoryName":"Canned Cocktails","subCategoryName":"","title":"Blackberry Hard Seltzer","producer":"Ficks Real Fruit Hard Seltzer","photoPath":"https://goodeggs4.imgix.net/278c0716-ab6a-45c4-b19a-922ccebba4ee.jpg?w=380&h=238&fm=jpg&auto=compress&fit=crop","price":"12.99","pricePer":"$0.18 / fl oz","purchaseUnit":"6 count"},{"mainCategory":"Alcohol","categoryName":"Red Wine","subCategoryName":"Red Blends","title":"Jeandebout Organic Bordeaux \"Belle Nature\"","producer":"Chateau De Cranne","photoPath":"https://goodeggs4.imgix.net/c3bacfe0-8e50-11eb-9180-134c133f9914?w=380&h=238&fm=jpg&auto=compress&fit=crop","price":"16.99","pricePer":null,"purchaseUnit":"750 ml"},{"mainCategory":"Alcohol","categoryName":"Red Wine","subCategoryName":"Red Blends","title":"Pacific Redwood Organic Red Blend","producer":"Frey Vineyards","photoPath":"https://goodeggs4.imgix.net/7fa3fb98-dfd5-4113-a038-c4ddb7010f81.jpg?w=380&h=238&fm=jpg&auto=compress&fit=crop","price":"9.99","pricePer":"$0.39 / fl oz","purchaseUnit":"750 ml"},{"mainCategory":"Alcohol","categoryName":"Red Wine","subCategoryName":"Red Blends","title":"Love Red (Red Blend)","producer":"Broc Cellars","photoPath":"https://goodeggs4.imgix.net/0af81346-75c2-43b3-836b-6b12b839430c.jpg?w=380&h=238&fm=jpg&auto=compress&fit=crop","price":"19.99","pricePer":"$0.78 / fl oz","purchaseUnit":"750 ml"},{"mainCategory":"Alcohol","categoryName":"Red Wine","subCategoryName":"Red Blends","title":"POV (Red Blend)","producer":"Robert Sinskey Vineyards","photoPath":"https://goodeggs4.imgix.net/03b639fb-4469-41bd-ab9d-c2ada45fb4e6.jpg?w=380&h=238&fm=jpg&auto=compress&fit=crop","price":"49.99","pricePer":"$1.97 / fl oz","purchaseUnit":"750 ml"},{"mainCategory":"Alcohol","categoryName":"Red Wine","subCategoryName":"Red Blends","title":"Folk Machine Parts & Labor Red Blend","producer":"Hobo Wines","photoPath":"https://goodeggs4.imgix.net/5627382c-5a93-4a11-bb62-68ffab366fde.jpg?w=380&h=238&fm=jpg&auto=compress&fit=crop","price":"17.99","pricePer":"$0.70 / fl oz","purchaseUnit":"750 ml"},{"mainCategory":"Alcohol","categoryName":"Red Wine","subCategoryName":"Imported Reds","title":"Inkarri Estate Malbec","producer":"Proviva Wines","photoPath":"https://goodeggs4.imgix.net/68b92fca-a526-4da2-b613-2adea665d940.jpg?w=380&h=238&fm=jpg&auto=compress&fit=crop","price":"9.99","pricePer":"$0.39 / fl oz","purchaseUnit":"750 ml"},{"mainCategory":"Alcohol","categoryName":"Red Wine","subCategoryName":"Imported Reds","title":"Jeandebout Organic Bordeaux \"Belle Nature\"","producer":"Chateau De Cranne","photoPath":"https://goodeggs4.imgix.net/c3bacfe0-8e50-11eb-9180-134c133f9914?w=380&h=238&fm=jpg&auto=compress&fit=crop","price":"16.99","pricePer":null,"purchaseUnit":"750 ml"},{"mainCategory":"Alcohol","categoryName":"Red Wine","subCategoryName":"Imported Reds","title":"Guilhem Red","producer":"Moulin de Gassac","photoPath":"https://goodeggs4.imgix.net/7029856b-5dc9-4672-a308-a38856ccd494.jpg?w=380&h=238&fm=jpg&auto=compress&fit=crop","price":"11.99","pricePer":"$0.47 / fl oz","purchaseUnit":"750 ml"},{"mainCategory":"Alcohol","categoryName":"Red Wine","subCategoryName":"Imported Reds","title":"Curios Tempranillo","producer":"Albet i Noya","photoPath":"https://goodeggs4.imgix.net/069bb2bb-af96-40b1-9aec-c693f5f80435.jpg?w=380&h=238&fm=jpg&auto=compress&fit=crop","price":"12.99","pricePer":"$0.51 / fl oz","purchaseUnit":"750 ml"},{"mainCategory":"Alcohol","categoryName":"Red Wine","subCategoryName":"Imported Reds","title":"Fleurie \"Les Origines\"","producer":"Grégoire Hoppenot","photoPath":"https://goodeggs4.imgix.net/a4ed7949-eb3a-418f-92c7-77e9e28c4362.jpg?w=380&h=238&fm=jpg&auto=compress&fit=crop","price":"19.99","pricePer":null,"purchaseUnit":"750 ml"},{"mainCategory":"Alcohol","categoryName":"Red Wine","subCategoryName":"Imported Reds","title":"Biodynamic Montepulciano","producer":"Lunaria Winery","photoPath":"https://goodeggs4.imgix.net/9a675647-5dc2-4ed3-9691-366eaf165381.jpg?w=380&h=238&fm=jpg&auto=compress&fit=crop","price":"16.99","pricePer":"$0.66 / fl oz","purchaseUnit":"750 ml"},{"mainCategory":"Alcohol","categoryName":"Red Wine","subCategoryName":"Imported Reds","title":"Les Hauts de Lagarde Rouge","producer":"Vignobles Raymond","photoPath":"https://goodeggs4.imgix.net/28275485-f1c3-4cc9-a07d-3c19c4403eb2.jpg?w=380&h=238&fm=jpg&auto=compress&fit=crop","price":"14.99","pricePer":"$0.59 / fl oz","purchaseUnit":"750 ml"},{"mainCategory":"Alcohol","categoryName":"Red Wine","subCategoryName":"Imported Reds","title":"Biodynamic Primitivo","producer":"Lunaria Winery","photoPath":"https://goodeggs4.imgix.net/9e2caffc-a364-42d5-9e38-671d40019555.jpg?w=380&h=238&fm=jpg&auto=compress&fit=crop","price":"16.99","pricePer":"$0.66 / fl oz","purchaseUnit":"750 ml"},{"mainCategory":"Alcohol","categoryName":"Red Wine","subCategoryName":"Imported Reds","title":"Amarone Classico Paverno","producer":"Vaona","photoPath":"https://goodeggs4.imgix.net/b531e87e-e9e1-42bb-a334-46d2b200e08c.jpg?w=380&h=238&fm=jpg&auto=compress&fit=crop","price":"49.99","pricePer":"$1.97 / fl oz","purchaseUnit":"750 ml"},{"mainCategory":"Alcohol","categoryName":"Red Wine","subCategoryName":"Imported Reds","title":"Barbera d'Alba","producer":"Elio Altare","photoPath":"https://goodeggs4.imgix.net/cd2facac-9828-4e74-b437-429e05305ce0.jpg?w=380&h=238&fm=jpg&auto=compress&fit=crop","price":"22.99","pricePer":null,"purchaseUnit":"750 ml"},{"mainCategory":"Alcohol","categoryName":"Red Wine","subCategoryName":"Imported Reds","title":"Dolcetto d' Alba","producer":"Elio Altare","photoPath":"https://goodeggs4.imgix.net/bd992e2c-c46c-4852-80ab-f1b4816932b7.jpg?w=380&h=238&fm=jpg&auto=compress&fit=crop","price":"19.99","pricePer":null,"purchaseUnit":"750 ml"},{"mainCategory":"Alcohol","categoryName":"Red Wine","subCategoryName":"Imported Reds","title":"Langhe Nebbiolo","producer":"M.A. Monticelli","photoPath":"https://goodeggs4.imgix.net/e0918849-7ec4-4d36-8334-c50d0086eb8d.jpg?w=380&h=238&fm=jpg&auto=compress&fit=crop","price":"27.99","pricePer":null,"purchaseUnit":"750 ml"},{"mainCategory":"Alcohol","categoryName":"Red Wine","subCategoryName":"Imported Reds","title":"Flaco Tempranillo","producer":"Vinos Atlantico ","photoPath":"https://goodeggs4.imgix.net/6b22510a-54f2-4a76-987a-cb228b6b9f9b.jpg?w=380&h=238&fm=jpg&auto=compress&fit=crop","price":"9.99","pricePer":"$0.39 / fl oz","purchaseUnit":"750 ml"},{"mainCategory":"Alcohol","categoryName":"Red Wine","subCategoryName":"Imported Reds","title":"Dolcetto di Diano d'Alba DOCG \"Sori di Rivolia\"","producer":"Renzo Castella","photoPath":"https://goodeggs4.imgix.net/92a80882-6b04-4f3a-857a-71d48dec4ad3.jpg?w=380&h=238&fm=jpg&auto=compress&fit=crop","price":"14.99","pricePer":null,"purchaseUnit":"750 ml"},{"mainCategory":"Alcohol","categoryName":"Red Wine","subCategoryName":"Imported Reds","title":"Nero D'Avola","producer":"Caruso e Minini","photoPath":"https://goodeggs4.imgix.net/fea311d9-c156-4ddd-83b8-da3e0f3a1ead.jpg?w=380&h=238&fm=jpg&auto=compress&fit=crop","price":"19.99","pricePer":"$0.78 / fl oz","purchaseUnit":"750 ml"},{"mainCategory":"Alcohol","categoryName":"Red Wine","subCategoryName":"Imported Reds","title":"Cote de Nuits St. Martin Monopole Rouge","producer":"Domaine Michel Gros ","photoPath":"https://goodeggs4.imgix.net/9dea4b6f-364d-4d51-ac5f-04940343bab5.jpg?w=380&h=238&fm=jpg&auto=compress&fit=crop","price":"39.99","pricePer":"$1.57 / fl oz","purchaseUnit":"750 ml"},{"mainCategory":"Alcohol","categoryName":"Red Wine","subCategoryName":"Imported Reds","title":"Organic Salcheto Chianti Biskero","producer":"Salcheto Toscana","photoPath":"https://goodeggs4.imgix.net/1c638281-d3a7-4dd3-8bc7-cabd60076456.jpg?w=380&h=238&fm=jpg&auto=compress&fit=crop","price":"14.99","pricePer":null,"purchaseUnit":"750 ml"},{"mainCategory":"Alcohol","categoryName":"Red Wine","subCategoryName":"Imported Reds","title":"Perricone","producer":"Caruso e Minini","photoPath":"https://goodeggs4.imgix.net/0a8030a3-26a3-40ea-b865-7015193b3b14.jpg?w=380&h=238&fm=jpg&auto=compress&fit=crop","price":"19.99","pricePer":null,"purchaseUnit":"750 ml"},{"mainCategory":"Alcohol","categoryName":"Red Wine","subCategoryName":"Grenache, Syrah & Rhone Blends","title":"Folk Machine Parts & Labor Red Blend","producer":"Hobo Wines","photoPath":"https://goodeggs4.imgix.net/5627382c-5a93-4a11-bb62-68ffab366fde.jpg?w=380&h=238&fm=jpg&auto=compress&fit=crop","price":"17.99","pricePer":"$0.70 / fl oz","purchaseUnit":"750 ml"},{"mainCategory":"Alcohol","categoryName":"Red Wine","subCategoryName":"Grenache, Syrah & Rhone Blends","title":"Grenache Santa Barbara County","producer":"A Tribute to Grace Wine Company","photoPath":"https://goodeggs4.imgix.net/a11dddea-18b9-497a-a70f-e15e2ebdefe0.jpg?w=380&h=238&fm=jpg&auto=compress&fit=crop","price":"29.99","pricePer":"$1.18 / fl oz","purchaseUnit":"750 ml"},{"mainCategory":"Alcohol","categoryName":"Red Wine","subCategoryName":"Other Reds","title":"Fleurie \"Les Origines\"","producer":"Grégoire Hoppenot","photoPath":"https://goodeggs4.imgix.net/a4ed7949-eb3a-418f-92c7-77e9e28c4362.jpg?w=380&h=238&fm=jpg&auto=compress&fit=crop","price":"19.99","pricePer":null,"purchaseUnit":"750 ml"},{"mainCategory":"Alcohol","categoryName":"Red Wine","subCategoryName":"Other Reds","title":"Nero D'Avola","producer":"Caruso e Minini","photoPath":"https://goodeggs4.imgix.net/fea311d9-c156-4ddd-83b8-da3e0f3a1ead.jpg?w=380&h=238&fm=jpg&auto=compress&fit=crop","price":"19.99","pricePer":"$0.78 / fl oz","purchaseUnit":"750 ml"},{"mainCategory":"Alcohol","categoryName":"Red Wine","subCategoryName":"Other Reds","title":"Folk Machine Valdiguie Redwood Valley","producer":"Hobo Wines","photoPath":"https://goodeggs4.imgix.net/d0bb9b00-689b-4ecd-98ce-0f700c7615cf.jpg?w=380&h=238&fm=jpg&auto=compress&fit=crop","price":"19.99","pricePer":"$0.78 / fl oz","purchaseUnit":"750 ml"},{"mainCategory":"Alcohol","categoryName":"Red Wine","subCategoryName":"Other Reds","title":"Merlot","producer":"Camp Wines","photoPath":"https://goodeggs4.imgix.net/9ea34ef1-c8ec-482b-8f9d-59d506beb6e6.jpg?w=380&h=238&fm=jpg&auto=compress&fit=crop","price":"19.99","pricePer":"$0.78 / fl oz","purchaseUnit":"750 ml"},{"mainCategory":"Alcohol","categoryName":"Red Wine","subCategoryName":"Pinot Noir & Burgundy","title":"Petit Clos Pinot Noir","producer":"Clos Henri","photoPath":"https://goodeggs4.imgix.net/5906e2b9-9729-4ba0-9fc5-6336b2d2e31f.jpg?w=380&h=238&fm=jpg&auto=compress&fit=crop","price":"19.99","pricePer":"$0.78 / fl oz","purchaseUnit":"750 ml"},{"mainCategory":"Alcohol","categoryName":"Red Wine","subCategoryName":"Pinot Noir & Burgundy","title":"Santa Lucia Highlands Pinot Noir","producer":"Brea Wine Co.","photoPath":"https://goodeggs4.imgix.net/06160315-896e-4932-9d85-a10bb8b641f2.jpg?w=380&h=238&fm=jpg&auto=compress&fit=crop","price":"18.99","pricePer":"$0.74 / fl oz","purchaseUnit":"750 ml"},{"mainCategory":"Alcohol","categoryName":"Red Wine","subCategoryName":"Pinot Noir & Burgundy","title":"Folk Machine Pinot Noir Central Coast","producer":"Hobo Wines","photoPath":"https://goodeggs4.imgix.net/2bd9517b-c98c-4470-ae11-12d150941c55.jpg?w=380&h=238&fm=jpg&auto=compress&fit=crop","price":"19.99","pricePer":"$0.78 / fl oz","purchaseUnit":"750 ml"},{"mainCategory":"Alcohol","categoryName":"Red Wine","subCategoryName":"Pinot Noir & Burgundy","title":"Pinot Noir Anderson Valley","producer":"Brick & Mortar","photoPath":"https://goodeggs4.imgix.net/98de6b11-14f0-4feb-9997-2cd253703682.jpg?w=380&h=238&fm=jpg&auto=compress&fit=crop","price":"23.99","pricePer":"$0.94 / fl oz","purchaseUnit":"750 ml"},{"mainCategory":"Alcohol","categoryName":"Red Wine","subCategoryName":"Pinot Noir & Burgundy","title":"Carneros Pinot Noir","producer":"Scribe Winery","photoPath":"https://goodeggs4.imgix.net/8312ff7d-2280-4ada-a3f9-50f804a4859a.jpg?w=380&h=238&fm=jpg&auto=compress&fit=crop","price":"44.99","pricePer":"$1.77 / fl oz","purchaseUnit":"750 ml"},{"mainCategory":"Alcohol","categoryName":"Red Wine","subCategoryName":"Pinot Noir & Burgundy","title":"Pinot Noir Los Primeros","producer":"La Follette Wines","photoPath":"https://goodeggs4.imgix.net/f3f6695c-910f-4dab-9b41-71ca3d8d6fd5.jpg?w=380&h=238&fm=jpg&auto=compress&fit=crop","price":"24.99","pricePer":"$0.98 / fl oz","purchaseUnit":"750 ml"},{"mainCategory":"Alcohol","categoryName":"Red Wine","subCategoryName":"Pinot Noir & Burgundy","title":"Pinot Noir","producer":"Pennyroyal Farm","photoPath":"https://goodeggs4.imgix.net/23160375-eb06-459b-ac70-bc3b960be9b6.jpg?w=380&h=238&fm=jpg&auto=compress&fit=crop","price":"39.99","pricePer":"$1.57 / fl oz","purchaseUnit":"750 ml"},{"mainCategory":"Alcohol","categoryName":"Red Wine","subCategoryName":"Pinot Noir & Burgundy","title":"Pinot Noir Van der Kamp Vineyard","producer":"Poe Wines ","photoPath":"https://goodeggs4.imgix.net/04a1f07a-8cc0-470a-989d-3aba9654a6c0.jpg?w=380&h=238&fm=jpg&auto=compress&fit=crop","price":"44.99","pricePer":"$1.77 / fl oz","purchaseUnit":"750 ml"},{"mainCategory":"Alcohol","categoryName":"Red Wine","subCategoryName":"Pinot Noir & Burgundy","title":"Pinot Noir","producer":"A to Z Wineworks","photoPath":"https://goodeggs4.imgix.net/48460197-06fb-47c2-bc78-88c416d36112.jpg?w=380&h=238&fm=jpg&auto=compress&fit=crop","price":"19.99","pricePer":"$0.78 / fl oz","purchaseUnit":"750 ml"},{"mainCategory":"Alcohol","categoryName":"Red Wine","subCategoryName":"Pinot Noir & Burgundy","title":"Anderson Valley Pinot Noir","producer":"Handley Cellars","photoPath":"https://goodeggs4.imgix.net/aa8a8ba4-347f-4311-95f1-69f35244d2e6.jpg?w=380&h=238&fm=jpg&auto=compress&fit=crop","price":"34.99","pricePer":"$1.37 / fl oz","purchaseUnit":"750 ml"},{"mainCategory":"Alcohol","categoryName":"Red Wine","subCategoryName":"Pinot Noir & Burgundy","title":"Los Carneros Pinot Noir","producer":"Robert Sinskey Vineyards","photoPath":"https://goodeggs4.imgix.net/10fbaf2c-ca2f-4151-a39d-4de4dfb65c8e.jpg?w=380&h=238&fm=jpg&auto=compress&fit=crop","price":"49.99","pricePer":"$1.97 / fl oz","purchaseUnit":"750 ml"},{"mainCategory":"Alcohol","categoryName":"Red Wine","subCategoryName":"Pinot Noir & Burgundy","title":"Pinot Noir Santa Barbara County","producer":"Tyler Winery","photoPath":"https://goodeggs4.imgix.net/2dc24ac7-c3b8-4b93-a5df-595f11fbe7d3.jpg?w=380&h=238&fm=jpg&auto=compress&fit=crop","price":"35.99","pricePer":"$1.41 / fl oz","purchaseUnit":"750 ml"},{"mainCategory":"Alcohol","categoryName":"Red Wine","subCategoryName":"Pinot Noir & Burgundy","title":"Cote de Nuits St. Martin Monopole Rouge","producer":"Domaine Michel Gros ","photoPath":"https://goodeggs4.imgix.net/9dea4b6f-364d-4d51-ac5f-04940343bab5.jpg?w=380&h=238&fm=jpg&auto=compress&fit=crop","price":"39.99","pricePer":"$1.57 / fl oz","purchaseUnit":"750 ml"},{"mainCategory":"Alcohol","categoryName":"Red Wine","subCategoryName":"Zinfandel","title":"Zinfandel Juvenile","producer":"Turley Wine Cellars","photoPath":"https://goodeggs4.imgix.net/aea4b15d-54ec-4f7b-afef-a261c64d8a6e.jpg?w=380&h=238&fm=jpg&auto=compress&fit=crop","price":"24.99","pricePer":null,"purchaseUnit":"750 ml"},{"mainCategory":"Alcohol","categoryName":"Red Wine","subCategoryName":"Zinfandel","title":"Dry Creek Valley Zinfandel","producer":"Hobo Wines","photoPath":"https://goodeggs4.imgix.net/806a12a0-9aab-4203-a486-56b0f03d8fc7.jpg?w=380&h=238&fm=jpg&auto=compress&fit=crop","price":"19.99","pricePer":"$0.78 / fl oz","purchaseUnit":"750 ml"},{"mainCategory":"Alcohol","categoryName":"Red Wine","subCategoryName":"Zinfandel","title":"Vine Starr Zinfandel","producer":"Broc Cellars","photoPath":"https://goodeggs4.imgix.net/699a8436-80bb-4fac-af24-c1f78190a837.jpg?w=380&h=238&fm=jpg&auto=compress&fit=crop","price":"31.99","pricePer":"$1.26 / fl oz","purchaseUnit":"750 ml"},{"mainCategory":"Alcohol","categoryName":"Red Wine","subCategoryName":"Cabernet Sauvignon","title":"Organic Pacific Redwood Cabernet Sauvignon","producer":"Frey Vineyards","photoPath":"https://goodeggs4.imgix.net/ab95c8fd-af64-43e5-8f03-6387405d881d.jpg?w=380&h=238&fm=jpg&auto=compress&fit=crop","price":"14.99","pricePer":"$0.59 / fl oz","purchaseUnit":"750 ml"},{"mainCategory":"Alcohol","categoryName":"Red Wine","subCategoryName":"Cabernet Sauvignon","title":"Ultraviolet Cabernet Sauvignon","producer":"Poe Wines ","photoPath":"https://goodeggs4.imgix.net/dd63baa2-0ca8-45b8-8b17-419280795018.jpg?w=380&h=238&fm=jpg&auto=compress&fit=crop","price":"16.99","pricePer":"$0.66 / fl oz","purchaseUnit":"750 ml"},{"mainCategory":"Alcohol","categoryName":"Red Wine","subCategoryName":"Cabernet Sauvignon","title":"Uphold Cabernet Sauvignon for Education","producer":"Ryme Cellars","photoPath":"https://goodeggs4.imgix.net/83497b81-0de7-4e6a-aab7-8fcb2fb2e607.jpg?w=380&h=238&fm=jpg&auto=compress&fit=crop","price":"22.99","pricePer":"$0.90 / fl oz","purchaseUnit":"750 ml"},{"mainCategory":"Alcohol","categoryName":"Red Wine","subCategoryName":"Cabernet Sauvignon","title":"Flaco Cabernet Sauvignon","producer":"Vinos Atlantico ","photoPath":"https://goodeggs4.imgix.net/b5343547-fe0e-45dd-9057-a456ab9b40a2.jpg?w=380&h=238&fm=jpg&auto=compress&fit=crop","price":"9.99","pricePer":"$0.39 / fl oz","purchaseUnit":"750 ml"},{"mainCategory":"Alcohol","categoryName":"Red Wine","subCategoryName":"Cabernet Sauvignon","title":"Cabernet Sauvignon","producer":"Stack House","photoPath":"https://goodeggs4.imgix.net/4985d8fd-0364-47c4-86e7-a8ae316e9fc1.jpg?w=380&h=238&fm=jpg&auto=compress&fit=crop","price":"36.99","pricePer":null,"purchaseUnit":"750 ml"},{"mainCategory":"Alcohol","categoryName":"Red Wine","subCategoryName":"Cabernet Sauvignon","title":"Atlas West Cabernet Sauvignon","producer":"Scribe Winery","photoPath":"https://goodeggs4.imgix.net/9c923495-86ad-4c42-8609-e5a4c64ef319.jpg?w=380&h=238&fm=jpg&auto=compress&fit=crop","price":"74.99","pricePer":"$2.95 / fl oz","purchaseUnit":"750 ml"},{"mainCategory":"Alcohol","categoryName":"Red Wine","subCategoryName":"Cabernet Sauvignon","title":"Cabernet Sauvignon","producer":"Camp Wines","photoPath":"https://goodeggs4.imgix.net/370f895e-9d8f-4f3f-8e4e-0da72c69399e.jpg?w=380&h=238&fm=jpg&auto=compress&fit=crop","price":"19.99","pricePer":"$0.78 / fl oz","purchaseUnit":"750 ml"},{"mainCategory":"Alcohol","categoryName":"Red Wine","subCategoryName":"Cabernet Sauvignon","title":"Cabernet Sauvignon Napa Valley","producer":"Zeitgeist Cellars","photoPath":"https://goodeggs4.imgix.net/3e5f1775-817c-4908-b746-9dfc00b204e7.jpg?w=380&h=238&fm=jpg&auto=compress&fit=crop","price":"89.99","pricePer":null,"purchaseUnit":"750 ml"},{"mainCategory":"Alcohol","categoryName":"Red Wine","subCategoryName":"Cabernet Sauvignon","title":"Croquet Single Vineyard Cabernet Sauvignon","producer":"Clif Family Winery","photoPath":"https://goodeggs4.imgix.net/43a59c30-f09d-4d03-b819-ac9540642e23.jpg?w=380&h=238&fm=jpg&auto=compress&fit=crop","price":"124.99","pricePer":"$4.92 / fl oz","purchaseUnit":"750 ml"},{"mainCategory":"Alcohol","categoryName":"Red Wine","subCategoryName":"Cabernet Sauvignon","title":"Cabernet Sauvignon Napa Valley","producer":"Luuma ","photoPath":"https://goodeggs4.imgix.net/4be2b3a2-2543-4595-b087-5b383e8fe9a6.jpg?w=380&h=238&fm=jpg&auto=compress&fit=crop","price":"24.99","pricePer":"$0.98 / fl oz","purchaseUnit":"750 ml"},{"mainCategory":"Alcohol","categoryName":"White Wine","subCategoryName":"Imported Whites","title":"Guilhem White","producer":"Moulin de Gassac","photoPath":"https://goodeggs4.imgix.net/30a8b466-dc07-4355-abf3-8205a4c1b8f9.jpg?w=380&h=238&fm=jpg&auto=compress&fit=crop","price":"11.99","pricePer":"$0.47 / fl oz","purchaseUnit":"750 ml"},{"mainCategory":"Alcohol","categoryName":"White Wine","subCategoryName":"Imported Whites","title":"Petit Clos Sauvignon Blanc","producer":"Clos Henri","photoPath":"https://goodeggs4.imgix.net/36aa7b76-e499-4a7d-a6ef-cd5df441ed31.jpg?w=380&h=238&fm=jpg&auto=compress&fit=crop","price":"15.99","pricePer":"$0.63 / fl oz","purchaseUnit":"750 ml"},{"mainCategory":"Alcohol","categoryName":"White Wine","subCategoryName":"Imported Whites","title":"Curios White","producer":"Albet i Noya","photoPath":"https://goodeggs4.imgix.net/2c4c0d24-b326-4ee9-a6d3-2ce2e2c9b353.jpg?w=380&h=238&fm=jpg&auto=compress&fit=crop","price":"12.99","pricePer":"$0.51 / fl oz","purchaseUnit":"750 ml"},{"mainCategory":"Alcohol","categoryName":"White Wine","subCategoryName":"Imported Whites","title":"Organic Muscadet \"Anima Mea\"","producer":"Véronique Gunther-Chereau","photoPath":"https://goodeggs4.imgix.net/38f63fc0-8e8c-11eb-8994-e1a9d560c915?w=380&h=238&fm=jpg&auto=compress&fit=crop","price":"17.99","pricePer":null,"purchaseUnit":"750 ml"},{"mainCategory":"Alcohol","categoryName":"White Wine","subCategoryName":"Imported Whites","title":"Les Hauts de Lagarde Blanc","producer":"Vignobles Raymond","photoPath":"https://goodeggs4.imgix.net/5a0b7fcf-cf29-42cc-8ac7-aab67d78ff1e.jpg?w=380&h=238&fm=jpg&auto=compress&fit=crop","price":"14.99","pricePer":"$0.59 / fl oz","purchaseUnit":"750 ml"},{"mainCategory":"Alcohol","categoryName":"White Wine","subCategoryName":"Imported Whites","title":"Catarratto","producer":"Caruso e Minini","photoPath":"https://goodeggs4.imgix.net/049323a0-5fb1-4b4d-93f6-69affe334bb3.jpg?w=380&h=238&fm=jpg&auto=compress&fit=crop","price":"19.99","pricePer":"$0.78 / fl oz","purchaseUnit":"750 ml"},{"mainCategory":"Alcohol","categoryName":"White Wine","subCategoryName":"Imported Whites","title":"Vinho Verde","producer":"Sol Real ","photoPath":"https://goodeggs4.imgix.net/d25d781d-2cae-4bc8-b687-053df6461ff5.jpg?w=380&h=238&fm=jpg&auto=compress&fit=crop","price":"11.99","pricePer":"$0.47 / fl oz","purchaseUnit":"750 ml"},{"mainCategory":"Alcohol","categoryName":"White Wine","subCategoryName":"Imported Whites","title":"Sancerre Marnes & Caillottes","producer":"Jean-Max Roger","photoPath":"https://goodeggs4.imgix.net/cd73d316-b65c-4a5b-a6ee-c705c8c2a616.jpg?w=380&h=238&fm=jpg&auto=compress&fit=crop","price":"29.99","pricePer":null,"purchaseUnit":"750 ml"},{"mainCategory":"Alcohol","categoryName":"White Wine","subCategoryName":"Imported Whites","title":"Organic Gavi di Gavi","producer":"Giordano Lombardo","photoPath":"https://goodeggs4.imgix.net/9732a7fd-3259-4d43-8307-9a315da8141f.jpg?w=380&h=238&fm=jpg&auto=compress&fit=crop","price":"17.99","pricePer":null,"purchaseUnit":"750 ml"},{"mainCategory":"Alcohol","categoryName":"White Wine","subCategoryName":"Imported Whites","title":"Bourgogne Blanc","producer":"Domaine Michelot","photoPath":"https://goodeggs4.imgix.net/99eef483-da2d-4261-9a46-4b86c2db763c.jpg?w=380&h=238&fm=jpg&auto=compress&fit=crop","price":"29.99","pricePer":null,"purchaseUnit":"750 ml"},{"mainCategory":"Alcohol","categoryName":"White Wine","subCategoryName":"Imported Whites","title":"Grillo","producer":"Caruso e Minini","photoPath":"https://goodeggs4.imgix.net/d5317030-9b58-4057-8b2f-fd75d8936612.jpg?w=380&h=238&fm=jpg&auto=compress&fit=crop","price":"19.99","pricePer":null,"purchaseUnit":"750 ml"},{"mainCategory":"Alcohol","categoryName":"White Wine","subCategoryName":"Imported Whites","title":"Macon-Villages","producer":"Henri Perrusset","photoPath":"https://goodeggs4.imgix.net/2a42a4c0-d4c7-4205-b5dc-3e41b241a965.jpg?w=380&h=238&fm=jpg&auto=compress&fit=crop","price":"19.99","pricePer":null,"purchaseUnit":"1 count"},{"mainCategory":"Alcohol","categoryName":"White Wine","subCategoryName":"Imported Whites","title":"Roero Arneis","producer":"M.A. Monticelli","photoPath":"https://goodeggs4.imgix.net/a3500ebe-a9da-449a-8bf2-c1780319ba7f.jpg?w=380&h=238&fm=jpg&auto=compress&fit=crop","price":"21.99","pricePer":null,"purchaseUnit":"750 ml"},{"mainCategory":"Alcohol","categoryName":"White Wine","subCategoryName":"Imported Whites","title":"Cote de Nuits St. Martin Monopole Blanc","producer":"Domaine Michel Gros ","photoPath":"https://goodeggs4.imgix.net/ef7b0ca1-5a3a-40eb-ad25-6584c88ab8c2.jpg?w=380&h=238&fm=jpg&auto=compress&fit=crop","price":"39.99","pricePer":"$1.57 / fl oz","purchaseUnit":"750 ml"},{"mainCategory":"Alcohol","categoryName":"White Wine","subCategoryName":"Sauvignon Blanc","title":"Petit Clos Sauvignon Blanc","producer":"Clos Henri","photoPath":"https://goodeggs4.imgix.net/36aa7b76-e499-4a7d-a6ef-cd5df441ed31.jpg?w=380&h=238&fm=jpg&auto=compress&fit=crop","price":"15.99","pricePer":"$0.63 / fl oz","purchaseUnit":"750 ml"},{"mainCategory":"Alcohol","categoryName":"White Wine","subCategoryName":"Sauvignon Blanc","title":"Sancerre Marnes & Caillottes","producer":"Jean-Max Roger","photoPath":"https://goodeggs4.imgix.net/cd73d316-b65c-4a5b-a6ee-c705c8c2a616.jpg?w=380&h=238&fm=jpg&auto=compress&fit=crop","price":"29.99","pricePer":null,"purchaseUnit":"750 ml"},{"mainCategory":"Alcohol","categoryName":"White Wine","subCategoryName":"Sauvignon Blanc","title":"Sauvignon Blanc Yorkland Highlands","producer":"Luuma ","photoPath":"https://goodeggs4.imgix.net/abcc286d-cf2d-49ba-93be-b9d2804bf556.jpg?w=380&h=238&fm=jpg&auto=compress&fit=crop","price":"18.99","pricePer":"$0.74 / fl oz","purchaseUnit":"750 ml"},{"mainCategory":"Alcohol","categoryName":"White Wine","subCategoryName":"Sauvignon Blanc","title":"Sauvignon Blanc","producer":"Pennyroyal Farm","photoPath":"https://goodeggs4.imgix.net/4b1992ed-26e1-42cb-af9b-4f8eea4dbc98.jpg?w=380&h=238&fm=jpg&auto=compress&fit=crop","price":"24.99","pricePer":"$0.98 / fl oz","purchaseUnit":"750 ml"},{"mainCategory":"Alcohol","categoryName":"White Wine","subCategoryName":"Sauvignon Blanc","title":"Rte Blanc Sauvignon Blanc","producer":"Clif Family Winery","photoPath":"https://goodeggs4.imgix.net/3049f75b-c81f-4ff2-bc68-553ddb6082ab.jpg?w=380&h=238&fm=jpg&auto=compress&fit=crop","price":"29.99","pricePer":"$1.18 / fl oz","purchaseUnit":"750 ml"},{"mainCategory":"Alcohol","categoryName":"White Wine","subCategoryName":"Riesling, Chenin Blanc & Pinot Gris","title":"Vermentino","producer":"Tendu Wine Co. ","photoPath":"https://goodeggs4.imgix.net/8f5cab10-823d-4b53-9489-1ba075ce9e5d.jpg?w=380&h=238&fm=jpg&auto=compress&fit=crop","price":"19.99","pricePer":"$0.78 / fl oz","purchaseUnit":"750 ml"},{"mainCategory":"Alcohol","categoryName":"White Wine","subCategoryName":"Riesling, Chenin Blanc & Pinot Gris","title":"\"Hers\" Vermentino","producer":"Ryme Cellars","photoPath":"https://goodeggs4.imgix.net/cb244997-544a-4b6c-9acc-e06f88d3b931.jpg?w=380&h=238&fm=jpg&auto=compress&fit=crop","price":"28.99","pricePer":"$1.14 / fl oz","purchaseUnit":"750 ml"},{"mainCategory":"Alcohol","categoryName":"White Wine","subCategoryName":"Riesling, Chenin Blanc & Pinot Gris","title":"Pinot Gris","producer":"Robert Sinskey Vineyards","photoPath":"https://goodeggs4.imgix.net/02a588a0-49b4-4879-9d60-d147c8c45c55.jpg?w=380&h=238&fm=jpg&auto=compress&fit=crop","price":"34.99","pricePer":"$1.37 / fl oz","purchaseUnit":"750 ml"},{"mainCategory":"Alcohol","categoryName":"White Wine","subCategoryName":"Riesling, Chenin Blanc & Pinot Gris","title":"Picpoul Beeswax Vineyard","producer":"Bonny Doon Vineyards","photoPath":"https://goodeggs4.imgix.net/b61d1e67-0270-432c-872a-5ca5f82e8cff.jpg?w=380&h=238&fm=jpg&auto=compress&fit=crop","price":"15.99","pricePer":"$0.63 / fl oz","purchaseUnit":"750 ml"},{"mainCategory":"Alcohol","categoryName":"White Wine","subCategoryName":"Riesling, Chenin Blanc & Pinot Gris","title":"Riesling","producer":"A to Z Wineworks","photoPath":"https://goodeggs4.imgix.net/3c2d7bc1-f229-4c5f-a239-c0e56aa971cb.jpg?w=380&h=238&fm=jpg&auto=compress&fit=crop","price":"15.99","pricePer":"$0.63 / fl oz","purchaseUnit":"750 ml"},{"mainCategory":"Alcohol","categoryName":"White Wine","subCategoryName":"Riesling, Chenin Blanc & Pinot Gris","title":"Anderson Valley Pinot Gris","producer":"Handley Cellars","photoPath":"https://goodeggs4.imgix.net/3f06b4dc-ea54-4c87-84d5-363d55021250.jpg?w=380&h=238&fm=jpg&auto=compress&fit=crop","price":"19.99","pricePer":null,"purchaseUnit":"750 ml"},{"mainCategory":"Alcohol","categoryName":"White Wine","subCategoryName":"Riesling, Chenin Blanc & Pinot Gris","title":"Pinot Gris","producer":"A to Z Wineworks","photoPath":"https://goodeggs4.imgix.net/ec620859-4613-483f-b7bc-f7ef79b28bdd.jpg?w=380&h=238&fm=jpg&auto=compress&fit=crop","price":"19.99","pricePer":"$0.78 / fl oz","purchaseUnit":"750 ml"},{"mainCategory":"Alcohol","categoryName":"White Wine","subCategoryName":"Riesling, Chenin Blanc & Pinot Gris","title":"Riesling","producer":"Scribe Winery","photoPath":"https://goodeggs4.imgix.net/3cf983c9-c6a3-4cb7-b920-c3127fbe37fc.jpg?w=380&h=238&fm=jpg&auto=compress&fit=crop","price":"37.99","pricePer":"$1.49 / fl oz","purchaseUnit":"750 ml"},{"mainCategory":"Alcohol","categoryName":"White Wine","subCategoryName":"Chardonnay","title":"Chardonnay Anderson Valley","producer":"Brick & Mortar","photoPath":"https://goodeggs4.imgix.net/499e658e-12b8-4609-8a13-b22dc58542bc.jpg?w=380&h=238&fm=jpg&auto=compress&fit=crop","price":"23.99","pricePer":"$0.94 / fl oz","purchaseUnit":"750 ml"},{"mainCategory":"Alcohol","categoryName":"White Wine","subCategoryName":"Chardonnay","title":"Chardonnay","producer":"Camp Wines","photoPath":"https://goodeggs4.imgix.net/21a0305b-9647-4e17-998c-d3b882dcce5a.jpg?w=380&h=238&fm=jpg&auto=compress&fit=crop","price":"14.99","pricePer":"$0.59 / fl oz","purchaseUnit":"750 ml"},{"mainCategory":"Alcohol","categoryName":"White Wine","subCategoryName":"Chardonnay","title":"Macon-Villages","producer":"Henri Perrusset","photoPath":"https://goodeggs4.imgix.net/2a42a4c0-d4c7-4205-b5dc-3e41b241a965.jpg?w=380&h=238&fm=jpg&auto=compress&fit=crop","price":"19.99","pricePer":null,"purchaseUnit":"1 count"},{"mainCategory":"Alcohol","categoryName":"White Wine","subCategoryName":"Chardonnay","title":"Chardonnay","producer":"Clif Family Winery","photoPath":"https://goodeggs4.imgix.net/4a563a56-ba83-4568-8cb7-1c110b368bd6.jpg?w=380&h=238&fm=jpg&auto=compress&fit=crop","price":"39.99","pricePer":"$1.57 / fl oz","purchaseUnit":"750 ml"},{"mainCategory":"Alcohol","categoryName":"White Wine","subCategoryName":"Chardonnay","title":"Chardonnay Ferrington Vineyard","producer":"Poe Wines ","photoPath":"https://goodeggs4.imgix.net/852a8e0f-090f-4271-9ce8-ef3a599a090e.jpg?w=380&h=238&fm=jpg&auto=compress&fit=crop","price":"37.99","pricePer":"$1.49 / fl oz","purchaseUnit":"750 ml"},{"mainCategory":"Alcohol","categoryName":"White Wine","subCategoryName":"Chardonnay","title":"Central Coast Chardonnay","producer":"Brea Wine Co.","photoPath":"https://goodeggs4.imgix.net/dad9d97b-c88f-4490-8a77-d373775c1a2d.jpg?w=380&h=238&fm=jpg&auto=compress&fit=crop","price":"19.99","pricePer":"$0.78 / fl oz","purchaseUnit":"750 ml"},{"mainCategory":"Alcohol","categoryName":"White Wine","subCategoryName":"Chardonnay","title":"Chardonnay","producer":"A to Z Wineworks","photoPath":"https://goodeggs4.imgix.net/9657d124-8612-4fed-91b2-69313d0be894.jpg?w=380&h=238&fm=jpg&auto=compress&fit=crop","price":"15.99","pricePer":"$0.63 / fl oz","purchaseUnit":"750 ml"},{"mainCategory":"Alcohol","categoryName":"White Wine","subCategoryName":"Chardonnay","title":"Carneros Chardonnay","producer":"Scribe Winery","photoPath":"https://goodeggs4.imgix.net/13579dd4-8c86-4ab0-a991-d27d3a621f64.jpg?w=380&h=238&fm=jpg&auto=compress&fit=crop","price":"39.99","pricePer":"$1.57 / fl oz","purchaseUnit":"750 ml"},{"mainCategory":"Alcohol","categoryName":"White Wine","subCategoryName":"Chardonnay","title":"North Coast Chardonnay","producer":"County Line Vineyards","photoPath":"https://goodeggs4.imgix.net/5c628d78-e432-4a44-b043-e44fa341a807.jpg?w=380&h=238&fm=jpg&auto=compress&fit=crop","price":"29.99","pricePer":"$1.18 / fl oz","purchaseUnit":"750 ml"},{"mainCategory":"Alcohol","categoryName":"White Wine","subCategoryName":"Chardonnay","title":"Chardonnay Santa Barbara County","producer":"Tyler Winery","photoPath":"https://goodeggs4.imgix.net/b8089dd1-8bb3-4831-9797-ea1135d016a5.jpg?w=380&h=238&fm=jpg&auto=compress&fit=crop","price":"29.99","pricePer":"$1.18 / fl oz","purchaseUnit":"750 ml"},{"mainCategory":"Alcohol","categoryName":"White Wine","subCategoryName":"Chardonnay","title":"Chardonnay Los Primeros","producer":"La Follette Wines","photoPath":"https://goodeggs4.imgix.net/1e6b2074-bf79-4f01-81ba-1c1f911aa2ea.jpg?w=380&h=238&fm=jpg&auto=compress&fit=crop","price":"24.99","pricePer":"$0.98 / fl oz","purchaseUnit":"750 ml"},{"mainCategory":"Alcohol","categoryName":"White Wine","subCategoryName":"Chardonnay","title":"Bourgogne Blanc","producer":"Domaine Michelot","photoPath":"https://goodeggs4.imgix.net/99eef483-da2d-4261-9a46-4b86c2db763c.jpg?w=380&h=238&fm=jpg&auto=compress&fit=crop","price":"29.99","pricePer":null,"purchaseUnit":"750 ml"},{"mainCategory":"Alcohol","categoryName":"White Wine","subCategoryName":"Chardonnay","title":"Cote de Nuits St. Martin Monopole Blanc","producer":"Domaine Michel Gros ","photoPath":"https://goodeggs4.imgix.net/ef7b0ca1-5a3a-40eb-ad25-6584c88ab8c2.jpg?w=380&h=238&fm=jpg&auto=compress&fit=crop","price":"39.99","pricePer":"$1.57 / fl oz","purchaseUnit":"750 ml"},{"mainCategory":"Alcohol","categoryName":"White Wine","subCategoryName":"White Blends","title":"White Blend","producer":"Matthiasson","photoPath":"https://goodeggs4.imgix.net/f8838451-39bc-4b02-b7bf-2f33c3f9c65d.jpg?w=380&h=238&fm=jpg&auto=compress&fit=crop","price":"39.99","pricePer":null,"purchaseUnit":"750 ml"},{"mainCategory":"Alcohol","categoryName":"White Wine","subCategoryName":"White Blends","title":"Folk Machine White Light Blend","producer":"Hobo Wines","photoPath":"https://goodeggs4.imgix.net/572e5ca6-4c85-4b8d-8b5f-c132c88fee87.jpg?w=380&h=238&fm=jpg&auto=compress&fit=crop","price":"16.99","pricePer":"$0.66 / fl oz","purchaseUnit":"750 ml"},{"mainCategory":"Alcohol","categoryName":"Rosé Wine","subCategoryName":"Crisp","title":"Guilhem Rosé","producer":"Moulin de Gassac","photoPath":"https://goodeggs4.imgix.net/5c8af61d-a931-489d-a505-e32b41a336e4.jpg?w=380&h=238&fm=jpg&auto=compress&fit=crop","price":"12.99","pricePer":"$0.51 / fl oz","purchaseUnit":"750 ml"},{"mainCategory":"Alcohol","categoryName":"Rosé Wine","subCategoryName":"Crisp","title":"Vin Gris de Cigare Rosé","producer":"Bonny Doon Vineyards","photoPath":"https://goodeggs4.imgix.net/396ff776-760c-4559-8331-6337bae33e09.jpg?w=380&h=238&fm=jpg&auto=compress&fit=crop","price":"14.99","pricePer":"$0.59 / fl oz","purchaseUnit":"750 ml"},{"mainCategory":"Alcohol","categoryName":"Rosé Wine","subCategoryName":"Crisp","title":"Vinho Verde Rose","producer":"Sol Real ","photoPath":"https://goodeggs4.imgix.net/0ac982fa-bf76-4bd7-bec9-4fc2adccc3b2.jpg?w=380&h=238&fm=jpg&auto=compress&fit=crop","price":"11.99","pricePer":"$0.47 / fl oz","purchaseUnit":"750 ml"},{"mainCategory":"Alcohol","categoryName":"Rosé Wine","subCategoryName":"Crisp","title":"Maris Organic Rosé Languedoc","producer":"Chateau Maris ","photoPath":"https://goodeggs4.imgix.net/10f901b8-37b3-4504-baa5-45ae8b497ca8.jpg?w=380&h=238&fm=jpg&auto=compress&fit=crop","price":"17.99","pricePer":null,"purchaseUnit":"750 ml"},{"mainCategory":"Alcohol","categoryName":"Rosé Wine","subCategoryName":"Crisp","title":"Uphold Rosé for the Women","producer":"Ryme Cellars","photoPath":"https://goodeggs4.imgix.net/dd1b75db-bb30-47ef-bc93-8b079df66924.jpg?w=380&h=238&fm=jpg&auto=compress&fit=crop","price":"15.99","pricePer":"$0.63 / fl oz","purchaseUnit":"750 ml"},{"mainCategory":"Alcohol","categoryName":"Rosé Wine","subCategoryName":"Crisp","title":"Classic Rosé Cotes de Provence","producer":"Mirabeau en Provence","photoPath":"https://goodeggs4.imgix.net/21e2b347-e516-4a2a-a6d6-dffc241b9e6b.jpg?w=380&h=238&fm=jpg&auto=compress&fit=crop","price":"19.99","pricePer":"$0.78 / fl oz","purchaseUnit":"750 ml"},{"mainCategory":"Alcohol","categoryName":"Rosé Wine","subCategoryName":"Crisp","title":"Organic Zweigelt Rosé","producer":"Stefan Rosner","photoPath":"https://goodeggs4.imgix.net/60d5f500-6ce3-4450-b7d1-3b2f2e2e0b2e.jpg?w=380&h=238&fm=jpg&auto=compress&fit=crop","price":"15.99","pricePer":null,"purchaseUnit":"750 ml"},{"mainCategory":"Alcohol","categoryName":"Rosé Wine","subCategoryName":"Fruity","title":"Coit Tower Rosé","producer":"California Icons","photoPath":"https://goodeggs4.imgix.net/9172b8df-bda0-4ac4-85c7-64b3b3b595f1.jpg?w=380&h=238&fm=jpg&auto=compress&fit=crop","price":"17.99","pricePer":"$0.70 / fl oz","purchaseUnit":"750 ml"},{"mainCategory":"Alcohol","categoryName":"Rosé Wine","subCategoryName":"Fruity","title":"Love Rosé","producer":"Broc Cellars","photoPath":"https://goodeggs4.imgix.net/64d02ff3-f04c-4f5b-b7cd-08bafe49d719.jpg?w=380&h=238&fm=jpg&auto=compress&fit=crop","price":"9.99","pricePer":"$0.78 / fl oz","purchaseUnit":"375 ml"},{"mainCategory":"Alcohol","categoryName":"Rosé Wine","subCategoryName":"Fruity","title":"Rosé of Grenache","producer":"Clif Family Winery","photoPath":"https://goodeggs4.imgix.net/21348773-11d7-433a-b9cb-e30db8574f09.jpg?w=380&h=238&fm=jpg&auto=compress&fit=crop","price":"26.99","pricePer":"$1.06 / fl oz","purchaseUnit":"750 ml"},{"mainCategory":"Alcohol","categoryName":"Rosé Wine","subCategoryName":"Fruity","title":"Bubbles","producer":"A to Z Wineworks","photoPath":"https://goodeggs4.imgix.net/69c34a38-d3ea-44b2-b157-5e9e916e2a55.jpg?w=380&h=238&fm=jpg&auto=compress&fit=crop","price":"19.99","pricePer":"$0.78 / fl oz","purchaseUnit":"750 ml"},{"mainCategory":"Alcohol","categoryName":"Sparkling Wine","subCategoryName":"Sparkling Wine","title":"Avinyo Petillant Vi D'Agulla","producer":"Avinyó","photoPath":"https://goodeggs4.imgix.net/2b102a2f-242e-4e39-908a-784ed4701927.jpg?w=380&h=238&fm=jpg&auto=compress&fit=crop","price":"17.99","pricePer":"$0.70 / fl oz","purchaseUnit":"750 ml"},{"mainCategory":"Alcohol","categoryName":"Sparkling Wine","subCategoryName":"Sparkling Wine","title":"Organic Sparkling Vouvray \"La Rocherie\"","producer":"Sébastien Brunet","photoPath":"https://goodeggs4.imgix.net/af6a4b90-8e57-11eb-a49c-035b9bcc7078?w=380&h=238&fm=jpg&auto=compress&fit=crop","price":"19.99","pricePer":null,"purchaseUnit":"750 ml"},{"mainCategory":"Alcohol","categoryName":"Sparkling Wine","subCategoryName":"Sparkling Wine","title":"Ca'del Vento Spumante Rosato Brut","producer":"Venturini Baldini","photoPath":"https://goodeggs4.imgix.net/61012a4d-30a9-47fe-9554-7263751fdeff.jpg?w=380&h=238&fm=jpg&auto=compress&fit=crop","price":"18.99","pricePer":null,"purchaseUnit":"750 ml"},{"mainCategory":"Alcohol","categoryName":"Sparkling Wine","subCategoryName":"Sparkling Wine","title":"Manodori Reggiano Lambrusco NV","producer":"Venturini Baldini","photoPath":"https://goodeggs4.imgix.net/a2e552b6-ed85-4722-b120-7e9b75aba243.jpg?w=380&h=238&fm=jpg&auto=compress&fit=crop","price":"18.99","pricePer":null,"purchaseUnit":"750 ml"},{"mainCategory":"Alcohol","categoryName":"Sparkling Wine","subCategoryName":"Sparkling Wine","title":"Field Prosecco","producer":"La Cantina Pizzolato","photoPath":"https://goodeggs4.imgix.net/364f6de3-eb33-4e7c-b66b-aecfd8b63ffe.jpg?w=380&h=238&fm=jpg&auto=compress&fit=crop","price":"14.99","pricePer":"$0.59 / fl oz","purchaseUnit":"750 ml"},{"mainCategory":"Alcohol","categoryName":"Sparkling Wine","subCategoryName":"Sparkling Wine","title":"\"L\" Lavender Sparkling Flower Wine","producer":"Free Range Flower Winery","photoPath":"https://goodeggs4.imgix.net/72352d5b-8fbd-479b-84a1-59b095911bdb.jpg?w=380&h=238&fm=jpg&auto=compress&fit=crop","price":"27.99","pricePer":"$1.65 / fl oz","purchaseUnit":"500 ml"},{"mainCategory":"Alcohol","categoryName":"Sparkling Wine","subCategoryName":"Sparkling Wine","title":"Totus Tuus Cava Reserva","producer":"Vinos Atlantico ","photoPath":"https://goodeggs4.imgix.net/9f671c8e-4b64-4dac-becf-a60a3749c202.jpg?w=380&h=238&fm=jpg&auto=compress&fit=crop","price":"19.99","pricePer":"$0.78 / fl oz","purchaseUnit":"750 ml"},{"mainCategory":"Alcohol","categoryName":"Sparkling Wine","subCategoryName":"Sparkling Wine","title":"\"L\" Lavender Sparkling Wine","producer":"Free Range Flower Winery","photoPath":"https://goodeggs4.imgix.net/adfefa0c-ba4b-45b0-bd50-97b686801be8.jpg?w=380&h=238&fm=jpg&auto=compress&fit=crop","price":"24.99","pricePer":null,"purchaseUnit":"375 ml"},{"mainCategory":"Alcohol","categoryName":"Sparkling Wine","subCategoryName":"Sparkling Wine","title":"Bubbles","producer":"A to Z Wineworks","photoPath":"https://goodeggs4.imgix.net/69c34a38-d3ea-44b2-b157-5e9e916e2a55.jpg?w=380&h=238&fm=jpg&auto=compress&fit=crop","price":"19.99","pricePer":"$0.78 / fl oz","purchaseUnit":"750 ml"},{"mainCategory":"Alcohol","categoryName":"Sparkling Wine","subCategoryName":"Sparkling Wine","title":"Vouvray Petillant","producer":"Domaine Huet ","photoPath":"https://goodeggs4.imgix.net/2fbaf811-3ff8-444c-b53a-ef9119a2b6b3.jpg?w=380&h=238&fm=jpg&auto=compress&fit=crop","price":"29.99","pricePer":null,"purchaseUnit":"750 ml"},{"mainCategory":"Alcohol","categoryName":"Sparkling Wine","subCategoryName":"Sparkling Wine","title":"Mommenpop California Spritzer Kit","producer":"Poe Wines ","photoPath":"https://goodeggs4.imgix.net/a47ad650-5a5c-429f-bc6e-7ab7081e37a8.jpg?w=380&h=238&fm=jpg&auto=compress&fit=crop","price":"49.99","pricePer":"$0.98 / fl oz","purchaseUnit":"1.5 liter"},{"mainCategory":"Alcohol","categoryName":"Sparkling Wine","subCategoryName":"Sparkling Wine","title":"Sparkling Wine 3-Pack","producer":"Healthy Food Inc. Meal Kits","photoPath":"https://goodeggs4.imgix.net/9912e91f-bd91-4fbd-8eb5-8b0d70b2943d.jpg?w=380&h=238&fm=jpg&auto=compress&fit=crop","price":"54.99","pricePer":"$0.72 / fl oz","purchaseUnit":"3 count"},{"mainCategory":"Alcohol","categoryName":"Sparkling Wine","subCategoryName":"Champagne","title":"Brut 1er Cru “Cachet Or”","producer":"Champagne J. Lassalle","photoPath":"https://goodeggs4.imgix.net/b5c85412-832d-47e9-a65d-f0bbfba55fe6.jpg?w=380&h=238&fm=jpg&auto=compress&fit=crop","price":"39.99","pricePer":null,"purchaseUnit":"750 ml"},{"mainCategory":"Alcohol","categoryName":"Sparkling Wine","subCategoryName":"Champagne","title":"Champagne Le Mesnil Brut Blanc de Blancs","producer":"Rare Wine Co. ","photoPath":"https://goodeggs4.imgix.net/709be8c4-f11a-42bc-9f03-321e3f76cc01.jpg?w=380&h=238&fm=jpg&auto=compress&fit=crop","price":"49.99","pricePer":null,"purchaseUnit":"750 ml"},{"mainCategory":"Alcohol","categoryName":"Sparkling Wine","subCategoryName":"Champagne","title":"Champagne Grand Cru Brut Reserve","producer":"Champagne Paul Bara","photoPath":"https://goodeggs4.imgix.net/6fb185a2-9c4b-4c45-b1e6-5e8e00d65e97.jpg?w=380&h=238&fm=jpg&auto=compress&fit=crop","price":"59.99","pricePer":null,"purchaseUnit":"750 ml"},{"mainCategory":"Alcohol","categoryName":"Sparkling Wine","subCategoryName":"Champagne","title":"Champagne Rosé Brut 1er Cru","producer":"Champagne J. Lassalle","photoPath":"https://goodeggs4.imgix.net/03a34131-7960-43c7-a68c-ead6d798b10d.jpg?w=380&h=238&fm=jpg&auto=compress&fit=crop","price":"79.99","pricePer":null,"purchaseUnit":"750 ml"},{"mainCategory":"Alcohol","categoryName":"Sparkling Wine","subCategoryName":"Champagne","title":"Champagne Le Mesnil Brut Blanc de Blancs Magnum","producer":"Rare Wine Co. ","photoPath":"https://goodeggs4.imgix.net/267dede2-570d-4bc7-95a1-ef7d1fc4a936.jpg?w=380&h=238&fm=jpg&auto=compress&fit=crop","price":"99.99","pricePer":null,"purchaseUnit":"1500 ml"},{"mainCategory":"Alcohol","categoryName":"Sparkling Wine","subCategoryName":"Champagne","title":"Brut Champagne Ultratradition","producer":"Laherte Freres","photoPath":"https://goodeggs4.imgix.net/aeb3cdc0-2fac-420c-b1c3-b10f58ad6bdd.jpg?w=380&h=238&fm=jpg&auto=compress&fit=crop","price":"39.99","pricePer":"$1.57 / fl oz","purchaseUnit":"750 ml"},{"mainCategory":"Alcohol","categoryName":"Sparkling Wine","subCategoryName":"Champagne","title":"Laherte Freres Brut Champagne 3-Pack","producer":"Healthy Food Inc. Meal Kits","photoPath":"https://goodeggs4.imgix.net/762a1a4b-ca03-4174-9045-b8e408e89d35.jpg?w=380&h=238&fm=jpg&auto=compress&fit=crop","price":"99.99","pricePer":"$0.65 / fl oz","purchaseUnit":"3 count"},{"mainCategory":"Alcohol","categoryName":"Canned Wine","subCategoryName":"","title":"Rosé California (Can)","producer":"Brick & Mortar","photoPath":"https://goodeggs4.imgix.net/ce667ed4-7bdd-4e53-af5f-1c77ec836471.jpg?w=380&h=238&fm=jpg&auto=compress&fit=crop","price":"7.99","pricePer":"$0.63 / fl oz","purchaseUnit":"375 ml"},{"mainCategory":"Alcohol","categoryName":"Canned Wine","subCategoryName":"","title":"Una Lou Rosé of Pinot Noir","producer":"Scribe Winery","photoPath":"https://goodeggs4.imgix.net/b47586eb-ec3a-427d-8fe3-effadc92a34c.jpg?w=380&h=238&fm=jpg&auto=compress&fit=crop","price":"10.99","pricePer":"$0.86 / fl oz","purchaseUnit":"375 ml"},{"mainCategory":"Alcohol","categoryName":"Canned Wine","subCategoryName":"","title":"Love Rosé","producer":"Broc Cellars","photoPath":"https://goodeggs4.imgix.net/64d02ff3-f04c-4f5b-b7cd-08bafe49d719.jpg?w=380&h=238&fm=jpg&auto=compress&fit=crop","price":"9.99","pricePer":"$0.78 / fl oz","purchaseUnit":"375 ml"},{"mainCategory":"Alcohol","categoryName":"Canned Wine","subCategoryName":"","title":"Sauvignon Blanc & Rosé 6-Pack Box","producer":"Sans Wine Co. ","photoPath":"https://goodeggs4.imgix.net/b86af6dc-041e-49fc-87c3-ed0ad8ce02f9.jpg?w=380&h=238&fm=jpg&auto=compress&fit=crop","price":"59.99","pricePer":"$0.78 / fl oz","purchaseUnit":"1 count"},{"mainCategory":"Alcohol","categoryName":"Canned Wine","subCategoryName":"","title":"Rosé","producer":"Sans Wine Co. ","photoPath":"https://goodeggs4.imgix.net/6558bb4b-fcd5-4304-9a15-ac52a8c34120.jpg?w=380&h=238&fm=jpg&auto=compress&fit=crop","price":"9.99","pricePer":"$0.78 / fl oz","purchaseUnit":"375 ml"},{"mainCategory":"Alcohol","categoryName":"Canned Wine","subCategoryName":"","title":"Zinfandel","producer":"Sans Wine Co. ","photoPath":"https://goodeggs4.imgix.net/aa17a936-4e2e-4680-aae5-89f75b0ce9a1.jpg?w=380&h=238&fm=jpg&auto=compress&fit=crop","price":"9.99","pricePer":"$0.78 / fl oz","purchaseUnit":"375 ml"},{"mainCategory":"Alcohol","categoryName":"Canned Wine","subCategoryName":"","title":"Riesling","producer":"Sans Wine Co. ","photoPath":"https://goodeggs4.imgix.net/bd90dd68-24d8-4d6f-8e8f-50965082a10d.jpg?w=380&h=238&fm=jpg&auto=compress&fit=crop","price":"14.99","pricePer":"$1.18 / fl oz","purchaseUnit":"375 ml"},{"mainCategory":"Alcohol","categoryName":"Canned Wine","subCategoryName":"","title":"Sauvignon Blanc","producer":"Sans Wine Co. ","photoPath":"https://goodeggs4.imgix.net/48e02687-9726-48f4-a026-6fc013d7c06b.jpg?w=380&h=238&fm=jpg&auto=compress&fit=crop","price":"9.99","pricePer":"$0.78 / fl oz","purchaseUnit":"375 ml"},{"mainCategory":"Alcohol","categoryName":"Canned Wine","subCategoryName":"","title":"White Blend (Can)","producer":"Brick & Mortar","photoPath":"https://goodeggs4.imgix.net/42a18735-67dd-47f0-967c-23e0c45e5301.jpg?w=380&h=238&fm=jpg&auto=compress&fit=crop","price":"7.99","pricePer":"$0.63 / fl oz","purchaseUnit":"375 ml"},{"mainCategory":"Alcohol","categoryName":"Fortified Wine","subCategoryName":"","title":"Mommenpop California Spritzer Kit","producer":"Poe Wines ","photoPath":"https://goodeggs4.imgix.net/a47ad650-5a5c-429f-bc6e-7ab7081e37a8.jpg?w=380&h=238&fm=jpg&auto=compress&fit=crop","price":"49.99","pricePer":"$0.98 / fl oz","purchaseUnit":"1.5 liter"},{"mainCategory":"Alcohol","categoryName":"Fortified Wine","subCategoryName":"","title":"Mommenpop Blood Orange California Aperitif","producer":"Poe Wines ","photoPath":"https://goodeggs4.imgix.net/b0f4bb74-50c9-4db3-b514-ff8650295155.jpg?w=380&h=238&fm=jpg&auto=compress&fit=crop","price":"29.99","pricePer":"$1.18 / fl oz","purchaseUnit":"750 ml"},{"mainCategory":"Alcohol","categoryName":"Fortified Wine","subCategoryName":"","title":"Mommenpop d'Orange Vermouth","producer":"Poe Wines ","photoPath":"https://goodeggs4.imgix.net/663def67-30f4-42a5-8716-3355969c6401.jpg?w=380&h=238&fm=jpg&auto=compress&fit=crop","price":"29.99","pricePer":"$1.18 / fl oz","purchaseUnit":"750 ml"},{"mainCategory":"Alcohol","categoryName":"Fortified Wine","subCategoryName":"","title":"Extra Dry Vermouth","producer":"Bordiga","photoPath":"https://goodeggs4.imgix.net/32949cc9-71da-4ce8-8b5d-908671877a3c.jpg?w=380&h=238&fm=jpg&auto=compress&fit=crop","price":"21.99","pricePer":"$1.73 / fl oz","purchaseUnit":"375 ml"},{"mainCategory":"Alcohol","categoryName":"Fortified Wine","subCategoryName":"","title":"Extra Dry Vermouth","producer":"Bordiga","photoPath":"https://goodeggs4.imgix.net/1a51c3e6-859c-45bf-99e0-d9f1e7a2cee3.jpg?w=380&h=238&fm=jpg&auto=compress&fit=crop","price":"32.99","pricePer":"$1.30 / fl oz","purchaseUnit":"750 ml"},{"mainCategory":"Alcohol","categoryName":"Fortified Wine","subCategoryName":"","title":"Vermouth Rosso","producer":"Bordiga","photoPath":"https://goodeggs4.imgix.net/2e1f383a-0a6a-4786-9f87-a7ee9a7dc7b9.jpg?w=380&h=238&fm=jpg&auto=compress&fit=crop","price":"32.99","pricePer":"$1.30 / fl oz","purchaseUnit":"750 ml"},{"mainCategory":"Alcohol","categoryName":"Fortified Wine","subCategoryName":"","title":"Vermouth Rosso","producer":"Bordiga","photoPath":"https://goodeggs4.imgix.net/c9760ffa-e316-4c93-9361-e80b28caf3f4.jpg?w=380&h=238&fm=jpg&auto=compress&fit=crop","price":"21.99","pricePer":"$1.73 / fl oz","purchaseUnit":"375 ml"},{"mainCategory":"Alcohol","categoryName":"Hard Cider","subCategoryName":"","title":"You Guava Be Kidding Me Cider","producer":"Far West Cider","photoPath":"https://goodeggs4.imgix.net/6b8f5287-0220-4533-95eb-194b0efcee39.jpg?w=380&h=238&fm=jpg&auto=compress&fit=crop","price":"7.99","pricePer":"$0.49 / fl oz","purchaseUnit":"16 fl oz"},{"mainCategory":"Alcohol","categoryName":"Hard Cider","subCategoryName":"","title":"Light of the Sun Cider 4-pack","producer":"Stormalong Cider","photoPath":"https://goodeggs4.imgix.net/4fc6cf10-90ea-4d2a-a901-a9bc27365e56.jpg?w=380&h=238&fm=jpg&auto=compress&fit=crop","price":"12.99","pricePer":null,"purchaseUnit":"4 count"},{"mainCategory":"Alcohol","categoryName":"Hard Cider","subCategoryName":"","title":"Legendary Dry Cider 4-pack","producer":"Stormalong Cider","photoPath":"https://goodeggs4.imgix.net/13d374e8-c343-4f17-b74c-aff2a8eca0b6.jpg?w=380&h=238&fm=jpg&auto=compress&fit=crop","price":"12.99","pricePer":null,"purchaseUnit":"4 count"},{"mainCategory":"Alcohol","categoryName":"Hard Cider","subCategoryName":"","title":"Proper Dry","producer":"Far West Cider","photoPath":"https://goodeggs4.imgix.net/a59068d5-75cb-4fed-9d75-ed92be7cd69e.jpg?w=380&h=238&fm=jpg&auto=compress&fit=crop","price":"7.99","pricePer":null,"purchaseUnit":"16 fl oz"},{"mainCategory":"Alcohol","categoryName":"Hard Cider","subCategoryName":"","title":"The Dry Hard Ginger Beer","producer":"G's Hard Ginger Beer","photoPath":"https://goodeggs4.imgix.net/1e17969a-0a9b-403f-84a6-8075290abeed.jpg?w=380&h=238&fm=jpg&auto=compress&fit=crop","price":"4.49","pricePer":"$0.28 / fl oz","purchaseUnit":"16 fl oz"},{"mainCategory":"Alcohol","categoryName":"Hard Cider","subCategoryName":"","title":"Orchard Blend No. 2","producer":"Far West Cider","photoPath":"https://goodeggs4.imgix.net/ba4e8080-8dc6-11eb-9180-134c133f9914?w=380&h=238&fm=jpg&auto=compress&fit=crop","price":"7.99","pricePer":"$0.47 / fl oz","purchaseUnit":"16 fl oz"},{"mainCategory":"Alcohol","categoryName":"Hard Cider","subCategoryName":"","title":"Red Skies at Night Cider 4-pack","producer":"Stormalong Cider","photoPath":"https://goodeggs4.imgix.net/0c3d3b99-6a22-4402-8919-094bd38ad6d6.jpg?w=380&h=238&fm=jpg&auto=compress&fit=crop","price":"12.99","pricePer":null,"purchaseUnit":"4 count"},{"mainCategory":"Alcohol","categoryName":"Sake","subCategoryName":"","title":"Sequoia Nigori","producer":"Sequoia Sake","photoPath":"https://goodeggs4.imgix.net/b26895d2-e156-4bfc-81ff-c92d7b732ff0.jpg?w=380&h=238&fm=jpg&auto=compress&fit=crop","price":"19.99","pricePer":"$1.57 / fl oz","purchaseUnit":"375 ml"},{"mainCategory":"Alcohol","categoryName":"Sake","subCategoryName":"","title":"Sequoia Nama","producer":"Sequoia Sake","photoPath":"https://goodeggs4.imgix.net/a32ab923-c4b4-45ff-aabf-e4480b221758.jpg?w=380&h=238&fm=jpg&auto=compress&fit=crop","price":"19.99","pricePer":"$1.57 / fl oz","purchaseUnit":"375 ml"},{"mainCategory":"Alcohol","categoryName":"Sake","subCategoryName":"","title":"Sake Flight Gift Set","producer":"Sequoia Sake","photoPath":"https://goodeggs4.imgix.net/30da17ae-f89d-4f63-a813-c5ab22621c72.jpg?w=380&h=238&fm=jpg&auto=compress&fit=crop","price":"44.99","pricePer":"$3.54 / fl oz","purchaseUnit":"3 count"},{"mainCategory":"Alcohol","categoryName":"Sake","subCategoryName":"","title":"Sequoia Genshu","producer":"Sequoia Sake","photoPath":"https://goodeggs4.imgix.net/5179be23-0cab-4b7c-ab98-2a328c5ab1a7.jpg?w=380&h=238&fm=jpg&auto=compress&fit=crop","price":"19.99","pricePer":"$1.57 / fl oz","purchaseUnit":"375 ml"},{"mainCategory":"Alcohol","categoryName":"Wines Under $15","subCategoryName":"","title":"Guilhem Rosé","producer":"Moulin de Gassac","photoPath":"https://goodeggs4.imgix.net/5c8af61d-a931-489d-a505-e32b41a336e4.jpg?w=380&h=238&fm=jpg&auto=compress&fit=crop","price":"12.99","pricePer":"$0.51 / fl oz","purchaseUnit":"750 ml"},{"mainCategory":"Alcohol","categoryName":"Wines Under $15","subCategoryName":"","title":"Guilhem White","producer":"Moulin de Gassac","photoPath":"https://goodeggs4.imgix.net/30a8b466-dc07-4355-abf3-8205a4c1b8f9.jpg?w=380&h=238&fm=jpg&auto=compress&fit=crop","price":"11.99","pricePer":"$0.47 / fl oz","purchaseUnit":"750 ml"},{"mainCategory":"Alcohol","categoryName":"Wines Under $15","subCategoryName":"","title":"Curios White","producer":"Albet i Noya","photoPath":"https://goodeggs4.imgix.net/2c4c0d24-b326-4ee9-a6d3-2ce2e2c9b353.jpg?w=380&h=238&fm=jpg&auto=compress&fit=crop","price":"12.99","pricePer":"$0.51 / fl oz","purchaseUnit":"750 ml"},{"mainCategory":"Alcohol","categoryName":"Wines Under $15","subCategoryName":"","title":"Les Hauts de Lagarde Blanc","producer":"Vignobles Raymond","photoPath":"https://goodeggs4.imgix.net/5a0b7fcf-cf29-42cc-8ac7-aab67d78ff1e.jpg?w=380&h=238&fm=jpg&auto=compress&fit=crop","price":"14.99","pricePer":"$0.59 / fl oz","purchaseUnit":"750 ml"},{"mainCategory":"Alcohol","categoryName":"Wines Under $15","subCategoryName":"","title":"Vin Gris de Cigare Rosé","producer":"Bonny Doon Vineyards","photoPath":"https://goodeggs4.imgix.net/396ff776-760c-4559-8331-6337bae33e09.jpg?w=380&h=238&fm=jpg&auto=compress&fit=crop","price":"14.99","pricePer":"$0.59 / fl oz","purchaseUnit":"750 ml"},{"mainCategory":"Alcohol","categoryName":"Wines Under $15","subCategoryName":"","title":"Vinho Verde Rose","producer":"Sol Real ","photoPath":"https://goodeggs4.imgix.net/0ac982fa-bf76-4bd7-bec9-4fc2adccc3b2.jpg?w=380&h=238&fm=jpg&auto=compress&fit=crop","price":"11.99","pricePer":"$0.47 / fl oz","purchaseUnit":"750 ml"},{"mainCategory":"Alcohol","categoryName":"Wines Under $15","subCategoryName":"","title":"Classic Rosé Cotes de Provence","producer":"Mirabeau en Provence","photoPath":"https://goodeggs4.imgix.net/21e2b347-e516-4a2a-a6d6-dffc241b9e6b.jpg?w=380&h=238&fm=jpg&auto=compress&fit=crop","price":"19.99","pricePer":"$0.78 / fl oz","purchaseUnit":"750 ml"},{"mainCategory":"Alcohol","categoryName":"Wines Under $15","subCategoryName":"","title":"Vinho Verde","producer":"Sol Real ","photoPath":"https://goodeggs4.imgix.net/d25d781d-2cae-4bc8-b687-053df6461ff5.jpg?w=380&h=238&fm=jpg&auto=compress&fit=crop","price":"11.99","pricePer":"$0.47 / fl oz","purchaseUnit":"750 ml"},{"mainCategory":"Alcohol","categoryName":"Wines Under $15","subCategoryName":"","title":"Flaco Tempranillo","producer":"Vinos Atlantico ","photoPath":"https://goodeggs4.imgix.net/6b22510a-54f2-4a76-987a-cb228b6b9f9b.jpg?w=380&h=238&fm=jpg&auto=compress&fit=crop","price":"9.99","pricePer":"$0.39 / fl oz","purchaseUnit":"750 ml"},{"mainCategory":"Alcohol","categoryName":"Wines Under $15","subCategoryName":"","title":"Organic Zweigelt Rosé","producer":"Stefan Rosner","photoPath":"https://goodeggs4.imgix.net/60d5f500-6ce3-4450-b7d1-3b2f2e2e0b2e.jpg?w=380&h=238&fm=jpg&auto=compress&fit=crop","price":"15.99","pricePer":null,"purchaseUnit":"750 ml"},{"mainCategory":"Alcohol","categoryName":"Wines Under $15","subCategoryName":"","title":"Dolcetto di Diano d'Alba DOCG \"Sori di Rivolia\"","producer":"Renzo Castella","photoPath":"https://goodeggs4.imgix.net/92a80882-6b04-4f3a-857a-71d48dec4ad3.jpg?w=380&h=238&fm=jpg&auto=compress&fit=crop","price":"14.99","pricePer":null,"purchaseUnit":"750 ml"},{"mainCategory":"Alcohol","categoryName":"Wines Under $15","subCategoryName":"","title":"Field Prosecco","producer":"La Cantina Pizzolato","photoPath":"https://goodeggs4.imgix.net/364f6de3-eb33-4e7c-b66b-aecfd8b63ffe.jpg?w=380&h=238&fm=jpg&auto=compress&fit=crop","price":"14.99","pricePer":"$0.59 / fl oz","purchaseUnit":"750 ml"},{"mainCategory":"Alcohol","categoryName":"Wines Under $15","subCategoryName":"","title":"Pacific Redwood Organic Red Blend","producer":"Frey Vineyards","photoPath":"https://goodeggs4.imgix.net/7fa3fb98-dfd5-4113-a038-c4ddb7010f81.jpg?w=380&h=238&fm=jpg&auto=compress&fit=crop","price":"9.99","pricePer":"$0.39 / fl oz","purchaseUnit":"750 ml"},{"mainCategory":"Alcohol","categoryName":"Wines Under $15","subCategoryName":"","title":"Organic Salcheto Chianti Biskero","producer":"Salcheto Toscana","photoPath":"https://goodeggs4.imgix.net/1c638281-d3a7-4dd3-8bc7-cabd60076456.jpg?w=380&h=238&fm=jpg&auto=compress&fit=crop","price":"14.99","pricePer":null,"purchaseUnit":"750 ml"},{"mainCategory":"Alcohol","categoryName":"Wines Under $15","subCategoryName":"","title":"Inkarri Estate Malbec","producer":"Proviva Wines","photoPath":"https://goodeggs4.imgix.net/68b92fca-a526-4da2-b613-2adea665d940.jpg?w=380&h=238&fm=jpg&auto=compress&fit=crop","price":"9.99","pricePer":"$0.39 / fl oz","purchaseUnit":"750 ml"},{"mainCategory":"Alcohol","categoryName":"Wines Under $15","subCategoryName":"","title":"Guilhem Red","producer":"Moulin de Gassac","photoPath":"https://goodeggs4.imgix.net/7029856b-5dc9-4672-a308-a38856ccd494.jpg?w=380&h=238&fm=jpg&auto=compress&fit=crop","price":"11.99","pricePer":"$0.47 / fl oz","purchaseUnit":"750 ml"},{"mainCategory":"Alcohol","categoryName":"Wines Under $15","subCategoryName":"","title":"Curios Tempranillo","producer":"Albet i Noya","photoPath":"https://goodeggs4.imgix.net/069bb2bb-af96-40b1-9aec-c693f5f80435.jpg?w=380&h=238&fm=jpg&auto=compress&fit=crop","price":"12.99","pricePer":"$0.51 / fl oz","purchaseUnit":"750 ml"},{"mainCategory":"Alcohol","categoryName":"Wines Under $15","subCategoryName":"","title":"Les Hauts de Lagarde Rouge","producer":"Vignobles Raymond","photoPath":"https://goodeggs4.imgix.net/28275485-f1c3-4cc9-a07d-3c19c4403eb2.jpg?w=380&h=238&fm=jpg&auto=compress&fit=crop","price":"14.99","pricePer":"$0.59 / fl oz","purchaseUnit":"750 ml"},{"mainCategory":"Alcohol","categoryName":"Wines Under $15","subCategoryName":"","title":"Organic Pacific Redwood Cabernet Sauvignon","producer":"Frey Vineyards","photoPath":"https://goodeggs4.imgix.net/ab95c8fd-af64-43e5-8f03-6387405d881d.jpg?w=380&h=238&fm=jpg&auto=compress&fit=crop","price":"14.99","pricePer":"$0.59 / fl oz","purchaseUnit":"750 ml"},{"mainCategory":"Alcohol","categoryName":"Wines Under $15","subCategoryName":"","title":"Flaco Cabernet Sauvignon","producer":"Vinos Atlantico ","photoPath":"https://goodeggs4.imgix.net/b5343547-fe0e-45dd-9057-a456ab9b40a2.jpg?w=380&h=238&fm=jpg&auto=compress&fit=crop","price":"9.99","pricePer":"$0.39 / fl oz","purchaseUnit":"750 ml"},{"mainCategory":"Alcohol","categoryName":"Wines Under $15","subCategoryName":"","title":"Chardonnay","producer":"Camp Wines","photoPath":"https://goodeggs4.imgix.net/21a0305b-9647-4e17-998c-d3b882dcce5a.jpg?w=380&h=238&fm=jpg&auto=compress&fit=crop","price":"14.99","pricePer":"$0.59 / fl oz","purchaseUnit":"750 ml"},{"mainCategory":"Alcohol","categoryName":"Wine & Cocktail Collections","subCategoryName":"","title":"Mommenpop California Spritzer Kit","producer":"Poe Wines ","photoPath":"https://goodeggs4.imgix.net/a47ad650-5a5c-429f-bc6e-7ab7081e37a8.jpg?w=380&h=238&fm=jpg&auto=compress&fit=crop","price":"49.99","pricePer":"$0.98 / fl oz","purchaseUnit":"1.5 liter"},{"mainCategory":"Alcohol","categoryName":"Wine & Cocktail Collections","subCategoryName":"","title":"Mimosa Kit","producer":"Healthy Food Inc. Meal Kits","photoPath":"https://goodeggs4.imgix.net/7942ee65-e2a9-4db6-9818-597962269fd0.jpg?w=380&h=238&fm=jpg&auto=compress&fit=crop","price":"24.99","pricePer":null,"purchaseUnit":"10 servings"},{"mainCategory":"Alcohol","categoryName":"Wine & Cocktail Collections","subCategoryName":"","title":"Spicy Margarita Kit","producer":"15 min total","photoPath":"https://goodeggs4.imgix.net/f753bb99-58ef-48ff-a78d-a6b2e354429b.jpg?w=380&h=238&fm=jpg&auto=compress&fit=crop","price":"69.99","pricePer":null,"purchaseUnit":"12 servings"},{"mainCategory":"Alcohol","categoryName":"Wine & Cocktail Collections","subCategoryName":"","title":"Sparkling Wine 3-Pack","producer":"Healthy Food Inc. Meal Kits","photoPath":"https://goodeggs4.imgix.net/9912e91f-bd91-4fbd-8eb5-8b0d70b2943d.jpg?w=380&h=238&fm=jpg&auto=compress&fit=crop","price":"54.99","pricePer":"$0.72 / fl oz","purchaseUnit":"3 count"},{"mainCategory":"Alcohol","categoryName":"Wine & Cocktail Collections","subCategoryName":"","title":"Hobo Wines Collection 4-Pack","producer":"Healthy Food Inc. Meal Kits","photoPath":"https://goodeggs4.imgix.net/1e934ca9-d85a-4810-926e-048d50bf0638.jpg?w=380&h=238&fm=jpg&auto=compress&fit=crop","price":"69.99","pricePer":"$0.46 / fl oz","purchaseUnit":"4 count"},{"mainCategory":"Alcohol","categoryName":"Wine & Cocktail Collections","subCategoryName":"","title":"Laherte Freres Brut Champagne 3-Pack","producer":"Healthy Food Inc. Meal Kits","photoPath":"https://goodeggs4.imgix.net/762a1a4b-ca03-4174-9045-b8e408e89d35.jpg?w=380&h=238&fm=jpg&auto=compress&fit=crop","price":"99.99","pricePer":"$0.65 / fl oz","purchaseUnit":"3 count"},{"mainCategory":"Alcohol","categoryName":"Wine & Cocktail Collections","subCategoryName":"","title":"Sauvignon Blanc & Rosé 6-Pack Box","producer":"Sans Wine Co. ","photoPath":"https://goodeggs4.imgix.net/b86af6dc-041e-49fc-87c3-ed0ad8ce02f9.jpg?w=380&h=238&fm=jpg&auto=compress&fit=crop","price":"59.99","pricePer":"$0.78 / fl oz","purchaseUnit":"1 count"},{"mainCategory":"Dairy","categoryName":"Ice Cream Sundaes","subCategoryName":"","title":"Organic Vanilla Bean Ice Cream","producer":"Straus Family Creamery","photoPath":"https://goodeggs4.imgix.net/d81d0a4d-22d6-47c2-a187-642739d594fd.jpg?w=380&h=238&fm=jpg&auto=compress&fit=crop","price":"8.69","pricePer":"$0.27 / oz","purchaseUnit":"1 quart"},{"mainCategory":"Dairy","categoryName":"Ice Cream Sundaes","subCategoryName":"","title":"Organic Cookies & Cream Ice Cream","producer":"Straus Family Creamery","photoPath":"https://goodeggs4.imgix.net/285a30a6-4893-40df-9f95-32993a0497fa.jpg?w=380&h=238&fm=jpg&auto=compress&fit=crop","price":"8.69","pricePer":"$0.27 / oz","purchaseUnit":"1 quart"},{"mainCategory":"Dairy","categoryName":"Ice Cream Sundaes","subCategoryName":"","title":"Organic Grabbits Chocolate Sandwich Cookies","producer":"Annie's Homegrown","photoPath":"https://goodeggs4.imgix.net/78c95d09-1988-4467-8ba2-06bb85284944.jpg?w=380&h=238&fm=jpg&auto=compress&fit=crop","price":"4.99","pricePer":"$0.61 / oz","purchaseUnit":"20 count"},{"mainCategory":"Dairy","categoryName":"Ice Cream Sundaes","subCategoryName":"","title":"Street Cart Churro Ice Cream","producer":"Coolhaus","photoPath":"https://goodeggs4.imgix.net/5a35eb38-751c-4b52-af6f-de6d1f227ad0.jpg?w=380&h=238&fm=jpg&auto=compress&fit=crop","price":"5.99","pricePer":"$0.37 / oz","purchaseUnit":"1 pint"},{"mainCategory":"Dairy","categoryName":"Ice Cream Sundaes","subCategoryName":"","title":"Peanut Butter Fudge Ripple Ice Cream","producer":"Humphry Slocombe","photoPath":"https://goodeggs4.imgix.net/753cd48d-ad1b-4bab-a506-c5fbf98a0eb7.jpg?w=380&h=238&fm=jpg&auto=compress&fit=crop","price":"8.99","pricePer":"$0.56 / oz","purchaseUnit":"1 pint"},{"mainCategory":"Dairy","categoryName":"Ice Cream Sundaes","subCategoryName":"","title":"Matchadoodle Ice Cream","producer":"Humphry Slocombe","photoPath":"https://goodeggs4.imgix.net/02e58170-e0eb-4a37-8c51-12bbc4567501.jpg?w=380&h=238&fm=jpg&auto=compress&fit=crop","price":"8.99","pricePer":"$0.56 / oz","purchaseUnit":"1 pint"},{"mainCategory":"Dairy","categoryName":"Ice Cream Sundaes","subCategoryName":"","title":"Organic Vegan Salted Caramel & Chocolate Coconut Ice Cream","producer":"Coconut Bliss","photoPath":"https://goodeggs4.imgix.net/c32b6dfe-2783-42b5-8c50-0a34e9a6e549.jpg?w=380&h=238&fm=jpg&auto=compress&fit=crop","price":"6.99","pricePer":"$0.44 / oz","purchaseUnit":"1 pint"},{"mainCategory":"Dairy","categoryName":"Ice Cream Sundaes","subCategoryName":"","title":"Cookie Butter Non-Dairy Ice Cream","producer":"Eclipse Foods","photoPath":"https://goodeggs4.imgix.net/4ddba3e0-82ba-11eb-9783-f3d67f42bb6b?w=380&h=238&fm=jpg&auto=compress&fit=crop","price":"7.99","pricePer":"$0.49 / oz","purchaseUnit":"14 oz"},{"mainCategory":"Dairy","categoryName":"Ice Cream Sundaes","subCategoryName":"","title":"Vanilla Bean Non Dairy Ice Cream","producer":"Eclipse Foods","photoPath":"https://goodeggs4.imgix.net/2243ac13-8631-4dcf-b234-250cfc8241a3.jpg?w=380&h=238&fm=jpg&auto=compress&fit=crop","price":"7.99","pricePer":null,"purchaseUnit":"14 oz"},{"mainCategory":"Dairy","categoryName":"Ice Cream Sundaes","subCategoryName":"","title":"Organic Chocolate Ice Cream","producer":"Alec's Ice Cream","photoPath":"https://goodeggs4.imgix.net/78f0f1f5-d796-4d37-9862-750bf742db3a.jpg?w=380&h=238&fm=jpg&auto=compress&fit=crop","price":"6.99","pricePer":null,"purchaseUnit":"1 pint"},{"mainCategory":"Dairy","categoryName":"Ice Cream Sundaes","subCategoryName":"","title":"Organic Salted Caramel Latte Ice Cream","producer":"Alec's Ice Cream","photoPath":"https://goodeggs4.imgix.net/cc5516c1-2834-454f-a822-316a6d86f94d.jpg?w=380&h=238&fm=jpg&auto=compress&fit=crop","price":"6.99","pricePer":null,"purchaseUnit":"1 pint"},{"mainCategory":"Dairy","categoryName":"Ice Cream Sundaes","subCategoryName":"","title":"Fair Trade U-Bet Chocolate Syrup","producer":"Gold's Pure Foods","photoPath":"https://goodeggs4.imgix.net/2afa714b-6047-4a90-ad8d-71515367b3d7.jpg?w=380&h=238&fm=jpg&auto=compress&fit=crop","price":"5.49","pricePer":"$0.23 / oz","purchaseUnit":"24 oz"},{"mainCategory":"Dairy","categoryName":"Ice Cream Sundaes","subCategoryName":"","title":"Coconut Caramel Sauce","producer":"Hey Boo","photoPath":"https://goodeggs4.imgix.net/a68e3a56-426e-49e2-ba23-d905bb474bc1.jpg?w=380&h=238&fm=jpg&auto=compress&fit=crop","price":"8.99","pricePer":"$0.89 / oz","purchaseUnit":"10 oz"},{"mainCategory":"Dairy","categoryName":"Ice Cream Sundaes","subCategoryName":"","title":"Organic Toasted Coconut Flakes","producer":"Let's Do...Organic","photoPath":"https://goodeggs4.imgix.net/69be68c5-d6c2-4a3f-ac4a-7fdb478591d7.jpg?w=380&h=238&fm=jpg&auto=compress&fit=crop","price":"3.99","pricePer":"$0.57 / oz","purchaseUnit":"7 oz"},{"mainCategory":"Dairy","categoryName":"Ice Cream Sundaes","subCategoryName":"","title":"Organic Raw Cacao Nibs","producer":"Tierra Farm","photoPath":"https://goodeggs4.imgix.net/3ccd321c-b9d5-4a6e-b8d6-3c9c6286b642.jpg?w=380&h=238&fm=jpg&auto=compress&fit=crop","price":"6.99","pricePer":"$13.98 / lb","purchaseUnit":"8 oz"},{"mainCategory":"Dairy","categoryName":"Ice Cream Sundaes","subCategoryName":"","title":"Maraschino Cherries","producer":"Stonewall Kitchen","photoPath":"https://goodeggs4.imgix.net/506ae437-b4aa-4d86-852f-131a41be9ab4.jpg?w=380&h=238&fm=jpg&auto=compress&fit=crop","price":"7.99","pricePer":"$0.59 / oz","purchaseUnit":"13.5 oz"},{"mainCategory":"Dairy","categoryName":"Healthy Food Inc. Cheese Shop","subCategoryName":"Cheddar & Jack Cheese","title":"Hook's 5 Year Aged Cheddar","producer":"Healthy Food Inc. Cheese Shop","photoPath":"https://goodeggs4.imgix.net/a870f2c5-4bd2-44eb-a795-8357937f9e40.jpg?w=380&h=238&fm=jpg&auto=compress&fit=crop","price":"6.99","pricePer":"$18.64 / lb","purchaseUnit":"6 oz"},{"mainCategory":"Dairy","categoryName":"Healthy Food Inc. Cheese Shop","subCategoryName":"Cheddar & Jack Cheese","title":"Quicke's Mature Cheddar","producer":"Healthy Food Inc. Cheese Shop","photoPath":"https://goodeggs4.imgix.net/ba725d33-6450-4d32-9a19-52fbc66ceb51.jpg?w=380&h=238&fm=jpg&auto=compress&fit=crop","price":"9.99","pricePer":"$26.64 / lb","purchaseUnit":"6 oz"},{"mainCategory":"Dairy","categoryName":"Healthy Food Inc. Cheese Shop","subCategoryName":"Cheddar & Jack Cheese","title":"Shredded Jack Cheese","producer":"Healthy Food Inc. Kitchen","photoPath":"https://goodeggs4.imgix.net/7bfcd153-861a-4e29-9080-b95806c2bdaf.jpg?w=380&h=238&fm=jpg&auto=compress&fit=crop","price":"4.99","pricePer":"$15.96 / lb","purchaseUnit":"5 oz"},{"mainCategory":"Dairy","categoryName":"Healthy Food Inc. Cheese Shop","subCategoryName":"Feta & Fresh Cheese","title":"Feta","producer":"Healthy Food Inc. Kitchen","photoPath":"https://goodeggs4.imgix.net/13f055e1-a84f-4f90-a118-8fac87de1627.jpg?w=380&h=238&fm=jpg&auto=compress&fit=crop","price":"4.99","pricePer":"$22.81 / lb","purchaseUnit":"3.5 oz"},{"mainCategory":"Dairy","categoryName":"Healthy Food Inc. Cheese Shop","subCategoryName":"Alpine & Nutty Cheese","title":"1655 Gruyere","producer":"Healthy Food Inc. Cheese Shop","photoPath":"https://goodeggs4.imgix.net/a7b78a7d-567f-421c-ac7a-29d515473d91.jpg?w=380&h=238&fm=jpg&auto=compress&fit=crop","price":"9.99","pricePer":"$26.64 / lb","purchaseUnit":"6 oz"},{"mainCategory":"Dairy","categoryName":"Healthy Food Inc. Cheese Shop","subCategoryName":"Alpine & Nutty Cheese","title":"Emmi Roth Emmentaler","producer":"Healthy Food Inc. Cheese Shop","photoPath":"https://goodeggs4.imgix.net/d02a8101-ac36-4379-8a26-1d5c8e42dc77.jpg?w=380&h=238&fm=jpg&auto=compress&fit=crop","price":"7.99","pricePer":"$15.98 / lb","purchaseUnit":"8 oz"},{"mainCategory":"Dairy","categoryName":"Healthy Food Inc. Cheese Shop","subCategoryName":"Alpine & Nutty Cheese","title":"Uplands Cheese Pleasant Ridge Reserve","producer":"Healthy Food Inc. Cheese Shop","photoPath":"https://goodeggs4.imgix.net/37a7906a-ee40-4a00-8543-a1c6029c2d19.jpg?w=380&h=238&fm=jpg&auto=compress&fit=crop","price":"12.99","pricePer":"$34.64 / lb","purchaseUnit":"6 oz"},{"mainCategory":"Dairy","categoryName":"Healthy Food Inc. Cheese Shop","subCategoryName":"Alpine & Nutty Cheese","title":"Pascal Beillevaire Comté","producer":"Healthy Food Inc. Cheese Shop","photoPath":"https://goodeggs4.imgix.net/43e4c3c2-1aec-4fdf-bccc-396f1f82ff30.jpg?w=380&h=238&fm=jpg&auto=compress&fit=crop","price":"11.99","pricePer":"$31.97 / lb","purchaseUnit":"6 oz"},{"mainCategory":"Dairy","categoryName":"Healthy Food Inc. Cheese Shop","subCategoryName":"Alpine & Nutty Cheese","title":"Pascal Beillevaire Raclette","producer":"Healthy Food Inc. Cheese Shop","photoPath":"https://goodeggs4.imgix.net/27ef403c-4523-49f2-be36-cb70330beb35.jpg?w=380&h=238&fm=jpg&auto=compress&fit=crop","price":"6.99","pricePer":"$18.64 / lb","purchaseUnit":"6 oz"},{"mainCategory":"Dairy","categoryName":"Healthy Food Inc. Cheese Shop","subCategoryName":"Alpine & Nutty Cheese","title":"Fontina Val D'Aosta","producer":"Healthy Food Inc. Cheese Shop","photoPath":"https://goodeggs4.imgix.net/58f92126-4fc7-4183-b4de-ab66b4291fb6.jpg?w=380&h=238&fm=jpg&auto=compress&fit=crop","price":"8.99","pricePer":"$23.97 / lb","purchaseUnit":"6 oz"},{"mainCategory":"Dairy","categoryName":"Healthy Food Inc. Cheese Shop","subCategoryName":"Hard Cheese","title":"Parmigiano Reggiano","producer":"Healthy Food Inc. Cheese Shop","photoPath":"https://goodeggs4.imgix.net/d6a354ff-37a7-43d5-aab3-b1ea2efbd3f6.jpg?w=380&h=238&fm=jpg&auto=compress&fit=crop","price":"8.99","pricePer":"$23.97 / lb","purchaseUnit":"6 oz"},{"mainCategory":"Dairy","categoryName":"Healthy Food Inc. Cheese Shop","subCategoryName":"Hard Cheese","title":"Grated Parmesan","producer":"Healthy Food Inc. Kitchen","photoPath":"https://goodeggs4.imgix.net/c69ba919-a25d-45be-aa61-8d8ce6624b08.jpg?w=380&h=238&fm=jpg&auto=compress&fit=crop","price":"3.99","pricePer":"$1.99 / oz","purchaseUnit":"2 oz"},{"mainCategory":"Dairy","categoryName":"Healthy Food Inc. Cheese Shop","subCategoryName":"Hard Cheese","title":"Parmesan Rind","producer":"Healthy Food Inc. Kitchen","photoPath":"https://goodeggs4.imgix.net/ca0edf7d-b82f-43d7-961f-dbf2f58b1c03.jpg?w=380&h=238&fm=jpg&auto=compress&fit=crop","price":"2.29","pricePer":"$1.14 / oz","purchaseUnit":"2 oz"},{"mainCategory":"Dairy","categoryName":"Healthy Food Inc. Cheese Shop","subCategoryName":"Hard Cheese","title":"Grated Parmigiano Reggiano","producer":"Healthy Food Inc. Cheese Shop","photoPath":"https://goodeggs4.imgix.net/2a6be87a-039d-4b7a-a0aa-68ece431192e.jpg?w=380&h=238&fm=jpg&auto=compress&fit=crop","price":"5.99","pricePer":"$19.16 / lb","purchaseUnit":"5 oz"},{"mainCategory":"Dairy","categoryName":"Healthy Food Inc. Cheese Shop","subCategoryName":"Hard Cheese","title":"Grated Pecorino Romano","producer":"Healthy Food Inc. Cheese Shop","photoPath":"https://goodeggs4.imgix.net/98f76188-58ce-4858-a2ca-8b7a1e0b5fa7.jpg?w=380&h=238&fm=jpg&auto=compress&fit=crop","price":"6.99","pricePer":"$18.64 / lb","purchaseUnit":"6 oz"},{"mainCategory":"Dairy","categoryName":"Healthy Food Inc. Cheese Shop","subCategoryName":"Hard Cheese","title":"Ossau Iraty","producer":"Healthy Food Inc. Cheese Shop","photoPath":"https://goodeggs4.imgix.net/c554dff5-b67b-4f22-9362-272066bc18e8.jpg?w=380&h=238&fm=jpg&auto=compress&fit=crop","price":"7.99","pricePer":"$31.96 / lb","purchaseUnit":"4 oz"},{"mainCategory":"Dairy","categoryName":"Healthy Food Inc. Cheese Shop","subCategoryName":"Hard Cheese","title":"Pecorino Romano","producer":"Healthy Food Inc. Cheese Shop","photoPath":"https://goodeggs4.imgix.net/9b942645-7f8d-4586-8fb6-71fc16194081.jpg?w=380&h=238&fm=jpg&auto=compress&fit=crop","price":"7.99","pricePer":"$21.30 / lb","purchaseUnit":"6 oz"},{"mainCategory":"Dairy","categoryName":"Healthy Food Inc. Cheese Shop","subCategoryName":"Hard Cheese","title":"12 Month Aged Manchego","producer":"Healthy Food Inc. Cheese Shop","photoPath":"https://goodeggs4.imgix.net/abe28c37-8001-4d58-8279-d4a8a1e7b722.jpg?w=380&h=238&fm=jpg&auto=compress&fit=crop","price":"9.99","pricePer":"$26.64 / lb","purchaseUnit":"6 oz"},{"mainCategory":"Dairy","categoryName":"Healthy Food Inc. Cheese Shop","subCategoryName":"Goat & Sheep Cheese","title":"Ossau Iraty","producer":"Healthy Food Inc. Cheese Shop","photoPath":"https://goodeggs4.imgix.net/c554dff5-b67b-4f22-9362-272066bc18e8.jpg?w=380&h=238&fm=jpg&auto=compress&fit=crop","price":"7.99","pricePer":"$31.96 / lb","purchaseUnit":"4 oz"},{"mainCategory":"Dairy","categoryName":"Healthy Food Inc. Cheese Shop","subCategoryName":"Goat & Sheep Cheese","title":"Pecorino Romano","producer":"Healthy Food Inc. Cheese Shop","photoPath":"https://goodeggs4.imgix.net/9b942645-7f8d-4586-8fb6-71fc16194081.jpg?w=380&h=238&fm=jpg&auto=compress&fit=crop","price":"7.99","pricePer":"$21.30 / lb","purchaseUnit":"6 oz"},{"mainCategory":"Dairy","categoryName":"Healthy Food Inc. Cheese Shop","subCategoryName":"Goat & Sheep Cheese","title":"Ricotta Salata","producer":"Healthy Food Inc. Cheese Shop","photoPath":"https://goodeggs4.imgix.net/2bdfc214-6016-4429-8727-b087bc8f0c46.jpg?w=380&h=238&fm=jpg&auto=compress&fit=crop","price":"4.99","pricePer":"$13.30 / lb","purchaseUnit":"6 oz"},{"mainCategory":"Dairy","categoryName":"Healthy Food Inc. Cheese Shop","subCategoryName":"Goat & Sheep Cheese","title":"Grated Ricotta Salata","producer":"Healthy Food Inc. Cheese Shop","photoPath":"https://goodeggs4.imgix.net/4d44971c-6811-459d-80aa-c7e4c9b22b4d.jpg?w=380&h=238&fm=jpg&auto=compress&fit=crop","price":"4.99","pricePer":"$13.30 / lb","purchaseUnit":"6 oz"},{"mainCategory":"Dairy","categoryName":"Healthy Food Inc. Cheese Shop","subCategoryName":"Goat & Sheep Cheese","title":"Grated Pecorino Romano","producer":"Healthy Food Inc. Cheese Shop","photoPath":"https://goodeggs4.imgix.net/98f76188-58ce-4858-a2ca-8b7a1e0b5fa7.jpg?w=380&h=238&fm=jpg&auto=compress&fit=crop","price":"6.99","pricePer":"$18.64 / lb","purchaseUnit":"6 oz"},{"mainCategory":"Dairy","categoryName":"Healthy Food Inc. Cheese Shop","subCategoryName":"Goat & Sheep Cheese","title":"12 Month Aged Manchego","producer":"Healthy Food Inc. Cheese Shop","photoPath":"https://goodeggs4.imgix.net/abe28c37-8001-4d58-8279-d4a8a1e7b722.jpg?w=380&h=238&fm=jpg&auto=compress&fit=crop","price":"9.99","pricePer":"$26.64 / lb","purchaseUnit":"6 oz"},{"mainCategory":"Dairy","categoryName":"Milk","subCategoryName":"Low Fat Milk","title":"Organic 1% Low Fat Milk","producer":"Clover Sonoma","photoPath":"https://goodeggs4.imgix.net/0d259eda-f9e6-4b43-b16e-f2490a7491a4.jpg?w=380&h=238&fm=jpg&auto=compress&fit=crop","price":"3.99","pricePer":"$0.06 / fl oz","purchaseUnit":"1 half gallon"},{"mainCategory":"Dairy","categoryName":"Milk","subCategoryName":"Low Fat Milk","title":"Organic 1% Low Fat Milk","producer":"Clover Sonoma","photoPath":"https://goodeggs4.imgix.net/99294c9c-654e-4c43-96da-3740b36c9a55.jpg?w=380&h=238&fm=jpg&auto=compress&fit=crop","price":"6.99","pricePer":"$0.05 / fl oz","purchaseUnit":"1 gallon"},{"mainCategory":"Dairy","categoryName":"Milk","subCategoryName":"Low Fat Milk","title":"1% Low Fat Milk","producer":"Clover Sonoma","photoPath":"https://goodeggs4.imgix.net/426b587a-dcd2-4af2-90d4-b370606fa45a.jpg?w=380&h=238&fm=jpg&auto=compress&fit=crop","price":"2.69","pricePer":"$0.04 / fl oz","purchaseUnit":"1 half gallon"},{"mainCategory":"Dairy","categoryName":"Milk","subCategoryName":"Low Fat Milk","title":"Lactose-Free 1% Low Fat Milk","producer":"Clover Sonoma","photoPath":"https://goodeggs4.imgix.net/7203478e-51aa-4b65-bd51-1e40238c361a.jpg?w=380&h=238&fm=jpg&auto=compress&fit=crop","price":"4.49","pricePer":"$0.07 / fl oz","purchaseUnit":"1 half gallon"},{"mainCategory":"Dairy","categoryName":"Milk","subCategoryName":"Low Fat Milk","title":"Lactose-Free Organic 1% Lowfat Milk","producer":"Organic Valley","photoPath":"https://goodeggs4.imgix.net/b5113b85-e803-4d1d-b723-990aa3af5513.jpg?w=380&h=238&fm=jpg&auto=compress&fit=crop","price":"6.39","pricePer":"$0.10 / fl oz","purchaseUnit":"1 half gallon"},{"mainCategory":"Dairy","categoryName":"Milk","subCategoryName":"Whole Milk","title":"Organic Whole Milk","producer":"Clover Sonoma","photoPath":"https://goodeggs4.imgix.net/403e3dfd-8850-412c-ae2b-e638d42b531e.jpg?w=380&h=238&fm=jpg&auto=compress&fit=crop","price":"3.99","pricePer":"$0.06 / fl oz","purchaseUnit":"1 half gallon"},{"mainCategory":"Dairy","categoryName":"Milk","subCategoryName":"Whole Milk","title":"Organic Whole Milk","producer":"Clover Sonoma","photoPath":"https://goodeggs4.imgix.net/a07ca066-4c09-4955-b7e5-04363277043c.jpg?w=380&h=238&fm=jpg&auto=compress&fit=crop","price":"6.99","pricePer":"$0.05 / fl oz","purchaseUnit":"1 gallon"},{"mainCategory":"Dairy","categoryName":"Milk","subCategoryName":"Whole Milk","title":"Whole Milk","producer":"Clover Sonoma","photoPath":"https://goodeggs4.imgix.net/d9f97a59-c859-4d34-8c98-135021ca6a69.jpg?w=380&h=238&fm=jpg&auto=compress&fit=crop","price":"2.69","pricePer":"$0.04 / fl oz","purchaseUnit":"1 half gallon"},{"mainCategory":"Dairy","categoryName":"Milk","subCategoryName":"Whole Milk","title":"Lactose-Free Whole Milk","producer":"Clover Sonoma","photoPath":"https://goodeggs4.imgix.net/3bc6e383-bcc2-49e6-b6c6-ddc21ca846d7.jpg?w=380&h=238&fm=jpg&auto=compress&fit=crop","price":"4.49","pricePer":"$0.07 / fl oz","purchaseUnit":"1 half gallon"},{"mainCategory":"Dairy","categoryName":"Milk","subCategoryName":"Whole Milk","title":"Organic Whole Milk","producer":"Straus Family Creamery","photoPath":"https://goodeggs4.imgix.net/80733b6a-69b6-4dfb-8c5d-96a550f1bf0c.jpg?w=380&h=238&fm=jpg&auto=compress&fit=crop","price":"4.99","pricePer":"$0.08 / fl oz","purchaseUnit":"1 half gallon"},{"mainCategory":"Dairy","categoryName":"Milk","subCategoryName":"Whole Milk","title":"Organic Whole Milk","producer":"Straus Family Creamery","photoPath":"https://goodeggs4.imgix.net/1d33e1db-9051-40d6-923a-22b730194cbb.jpg?w=380&h=238&fm=jpg&auto=compress&fit=crop","price":"3.29","pricePer":"$0.10 / fl oz","purchaseUnit":"1 quart"},{"mainCategory":"Dairy","categoryName":"Milk","subCategoryName":"Whole Milk","title":"Organic Whole Milk","producer":"Straus Family Creamery","photoPath":"https://goodeggs4.imgix.net/c9350ccb-84d7-41db-aada-818993e68384.jpg?w=380&h=238&fm=jpg&auto=compress&fit=crop","price":"8.49","pricePer":"$0.07 / fl oz","purchaseUnit":"1 gallon"},{"mainCategory":"Dairy","categoryName":"Milk","subCategoryName":"Whole Milk","title":"Organic A2 Whole Milk","producer":"Alexandre Family Farm","photoPath":"https://goodeggs4.imgix.net/eb3be357-7a12-48d5-8eee-0ecb0182c6f3.jpg?w=380&h=238&fm=jpg&auto=compress&fit=crop","price":"5.99","pricePer":"$0.12 / fl oz","purchaseUnit":"48 fl oz"},{"mainCategory":"Dairy","categoryName":"Milk","subCategoryName":"Whole Milk","title":"Organic A2 Whole Milk","producer":"Alexandre Family Farm","photoPath":"https://goodeggs4.imgix.net/9b032918-d3d1-4527-b719-58cacf541547.jpg?w=380&h=238&fm=jpg&auto=compress&fit=crop","price":"4.19","pricePer":"$0.15 / fl oz","purchaseUnit":"28 fl oz"},{"mainCategory":"Dairy","categoryName":"Milk","subCategoryName":"Whole Milk","title":"Organic Eggs & A2 Whole Milk","producer":"Alexandre Family Farm","photoPath":"https://goodeggs4.imgix.net/4d62157b-aaa3-4568-91c1-d59b539f4357.jpg?w=380&h=238&fm=jpg&auto=compress&fit=crop","price":"11.49","pricePer":null,"purchaseUnit":"1 count"},{"mainCategory":"Dairy","categoryName":"Milk","subCategoryName":"Whole Milk","title":"Organic Whole Jersey Milk","producer":"St. Benoit Creamery","photoPath":"https://goodeggs4.imgix.net/6f6e2e0b-f712-4855-832e-a055f367b6ff.jpg?w=380&h=238&fm=jpg&auto=compress&fit=crop","price":"4.69","pricePer":"$0.15 / fl oz","purchaseUnit":"1 quart"},{"mainCategory":"Dairy","categoryName":"Milk","subCategoryName":"Whole Milk","title":"Lactose-Free Organic Whole Milk","producer":"Organic Valley","photoPath":"https://goodeggs4.imgix.net/64252209-8488-4f25-88a3-d35b36742a6a.jpg?w=380&h=238&fm=jpg&auto=compress&fit=crop","price":"6.39","pricePer":"$0.10 / fl oz","purchaseUnit":"1 half gallon"},{"mainCategory":"Dairy","categoryName":"Milk","subCategoryName":"Whole Milk","title":"Whole Raw Milk","producer":"Organic Pastures Dairy Company","photoPath":"https://goodeggs4.imgix.net/fee9cb88-675e-4e71-a84a-66d5f2eb2134.jpg?w=380&h=238&fm=jpg&auto=compress&fit=crop","price":"9.99","pricePer":"$0.16 / fl oz","purchaseUnit":"1 half gallon"},{"mainCategory":"Dairy","categoryName":"Milk","subCategoryName":"Whole Milk","title":"Whole Raw Milk","producer":"Organic Pastures Dairy Company","photoPath":"https://goodeggs4.imgix.net/72e8f598-3eae-4e2f-9ce5-8eb1148c54d3.jpg?w=380&h=238&fm=jpg&auto=compress&fit=crop","price":"18.99","pricePer":"$0.15 / fl oz","purchaseUnit":"1 gallon"},{"mainCategory":"Dairy","categoryName":"Milk","subCategoryName":"Whole Milk","title":"Whole Raw Milk","producer":"Organic Pastures Dairy Company","photoPath":"https://goodeggs4.imgix.net/f9ee96c0-d9eb-42ce-b0eb-3b142ac5913d.jpg?w=380&h=238&fm=jpg&auto=compress&fit=crop","price":"6.49","pricePer":"$0.20 / fl oz","purchaseUnit":"1 quart"},{"mainCategory":"Dairy","categoryName":"Milk","subCategoryName":"Nonfat Milk","title":"Organic Fat Free Milk","producer":"Clover Sonoma","photoPath":"https://goodeggs4.imgix.net/05029505-bfe5-49c8-ae89-b6cea2278c98.jpg?w=380&h=238&fm=jpg&auto=compress&fit=crop","price":"3.99","pricePer":"$0.06 / fl oz","purchaseUnit":"1 half gallon"},{"mainCategory":"Dairy","categoryName":"Milk","subCategoryName":"Nonfat Milk","title":"Organic Fat Free Milk","producer":"Clover Sonoma","photoPath":"https://goodeggs4.imgix.net/0406c568-a6f1-4eb5-bd58-4edb49989695.jpg?w=380&h=238&fm=jpg&auto=compress&fit=crop","price":"6.99","pricePer":"$0.05 / fl oz","purchaseUnit":"1 gallon"},{"mainCategory":"Dairy","categoryName":"Milk","subCategoryName":"Nonfat Milk","title":"Organic Nonfat Milk","producer":"Straus Family Creamery","photoPath":"https://goodeggs4.imgix.net/2ab74264-ab6d-4221-825e-1c369b9dcbe3.jpg?w=380&h=238&fm=jpg&auto=compress&fit=crop","price":"4.99","pricePer":"$0.08 / fl oz","purchaseUnit":"1 half gallon"},{"mainCategory":"Dairy","categoryName":"Milk","subCategoryName":"Reduced Fat Milk","title":"Organic 2% Reduced Fat Milk","producer":"Clover Sonoma","photoPath":"https://goodeggs4.imgix.net/c7808525-6b83-409e-9a92-af5e470d7c2c.jpg?w=380&h=238&fm=jpg&auto=compress&fit=crop","price":"6.99","pricePer":"$0.05 / fl oz","purchaseUnit":"1 gallon"},{"mainCategory":"Dairy","categoryName":"Milk","subCategoryName":"Reduced Fat Milk","title":"2% Reduced Fat Milk","producer":"Clover Sonoma","photoPath":"https://goodeggs4.imgix.net/f7224fdb-0d26-4fec-8668-6b9a50e6e554.jpg?w=380&h=238&fm=jpg&auto=compress&fit=crop","price":"2.69","pricePer":"$0.04 / fl oz","purchaseUnit":"1 half gallon"},{"mainCategory":"Dairy","categoryName":"Milk","subCategoryName":"Reduced Fat Milk","title":"Lactose-Free 2% Reduced Fat Milk","producer":"Clover Sonoma","photoPath":"https://goodeggs4.imgix.net/ed480ae7-a01e-4ae4-b6d2-dcac7d085b08.jpg?w=380&h=238&fm=jpg&auto=compress&fit=crop","price":"4.49","pricePer":"$0.07 / fl oz","purchaseUnit":"1 half gallon"},{"mainCategory":"Dairy","categoryName":"Milk","subCategoryName":"Reduced Fat Milk","title":"Organic 2% Reduced Fat Milk","producer":"Straus Family Creamery","photoPath":"https://goodeggs4.imgix.net/97688db7-b639-4c07-b4d4-ae4e80a09313.jpg?w=380&h=238&fm=jpg&auto=compress&fit=crop","price":"4.99","pricePer":"$0.08 / fl oz","purchaseUnit":"1 half gallon"},{"mainCategory":"Dairy","categoryName":"Milk","subCategoryName":"Reduced Fat Milk","title":"Organic Grass-Fed 2% Reduced Fat Milk","producer":"Organic Valley","photoPath":"https://goodeggs4.imgix.net/80ea6393-fe53-4122-a372-8ae8ac9a104a.jpg?w=380&h=238&fm=jpg&auto=compress&fit=crop","price":"6.49","pricePer":"$0.10 / fl oz","purchaseUnit":"1 half gallon"},{"mainCategory":"Dairy","categoryName":"Milk","subCategoryName":"Reduced Fat Milk","title":"Lactose-Free Organic 2% Reduced Fat Milk","producer":"Organic Valley","photoPath":"https://goodeggs4.imgix.net/768e36ba-dd80-4aa9-84d0-36b822afd6cf.jpg?w=380&h=238&fm=jpg&auto=compress&fit=crop","price":"6.39","pricePer":"$0.10 / fl oz","purchaseUnit":"1 half gallon"},{"mainCategory":"Dairy","categoryName":"Milk","subCategoryName":"Flavored Milk","title":"Organic Chocolate Milk","producer":"Straus Family Creamery","photoPath":"https://goodeggs4.imgix.net/f40cae3b-1cd5-4797-b825-1014e2c22363.jpg?w=380&h=238&fm=jpg&auto=compress&fit=crop","price":"4.99","pricePer":"$0.16 / fl oz","purchaseUnit":"1 quart"},{"mainCategory":"Dairy","categoryName":"Milk","subCategoryName":"Flavored Milk","title":"Organic A2 Chocolate Whole Milk","producer":"Alexandre Family Farm","photoPath":"https://goodeggs4.imgix.net/b90758c6-17a9-404e-a767-c17fc42e29ed.jpg?w=380&h=238&fm=jpg&auto=compress&fit=crop","price":"4.99","pricePer":"$0.18 / fl oz","purchaseUnit":"28 fl oz"},{"mainCategory":"Dairy","categoryName":"Milk","subCategoryName":"Flavored Milk","title":"Reduced Fat Chocolate Milk","producer":"Clover Sonoma","photoPath":"https://goodeggs4.imgix.net/6ee2e4ca-eec7-4d98-8455-80278577f725.jpg?w=380&h=238&fm=jpg&auto=compress&fit=crop","price":"4.19","pricePer":"$0.07 / fl oz","purchaseUnit":"1 half gallon"},{"mainCategory":"Dairy","categoryName":"Milk","subCategoryName":"Goat & Sheep Milk","title":"Raw Goat Milk","producer":"Claravale Farm","photoPath":"https://goodeggs4.imgix.net/ba16406b-b9f4-45a4-b992-4dcfca558a6d.jpg?w=380&h=238&fm=jpg&auto=compress&fit=crop","price":"8.99","pricePer":"$0.28 / fl oz","purchaseUnit":"1 quart"},{"mainCategory":"Dairy","categoryName":"Non-Dairy Milk","subCategoryName":"Oat Milk","title":"Organic Original Oat Milk","producer":"Pacific Foods","photoPath":"https://goodeggs4.imgix.net/e3265732-695a-41b5-8a00-2d6bd6bf1be0.jpg?w=380&h=238&fm=jpg&auto=compress&fit=crop","price":"2.99","pricePer":"$0.09 / fl oz","purchaseUnit":"32 fl oz"},{"mainCategory":"Dairy","categoryName":"Non-Dairy Milk","subCategoryName":"Oat Milk","title":"Organic Vanilla Oat Milk","producer":"Pacific Foods","photoPath":"https://goodeggs4.imgix.net/84fa5f5d-6c2f-4ae2-a93e-e1c39e013f37.jpg?w=380&h=238&fm=jpg&auto=compress&fit=crop","price":"2.99","pricePer":"$0.09 / fl oz","purchaseUnit":"32 fl oz"},{"mainCategory":"Dairy","categoryName":"Non-Dairy Milk","subCategoryName":"Oat Milk","title":"Oat Milk","producer":"Califia Farms","photoPath":"https://goodeggs4.imgix.net/f6fd33fe-84ac-40bf-92ac-0afc96e2583f.jpg?w=380&h=238&fm=jpg&auto=compress&fit=crop","price":"4.99","pricePer":"$0.10 / fl oz","purchaseUnit":"48 fl oz"},{"mainCategory":"Dairy","categoryName":"Non-Dairy Milk","subCategoryName":"Oat Milk","title":"Organic Original Unsweetened Coconut Cashew Oat Milk","producer":"Forager Project","photoPath":"https://goodeggs4.imgix.net/dd74d5e2-4dd6-4515-965d-079d09cd2e7b.jpg?w=380&h=238&fm=jpg&auto=compress&fit=crop","price":"5.99","pricePer":"$0.12 / fl oz","purchaseUnit":"48 fl oz"},{"mainCategory":"Dairy","categoryName":"Non-Dairy Milk","subCategoryName":"Almond Milk","title":"Unsweetened Almond Milk","producer":"Califia Farms","photoPath":"https://goodeggs4.imgix.net/4c6d110f-b46e-40dc-bc82-fbf54b290339.jpg?w=380&h=238&fm=jpg&auto=compress&fit=crop","price":"4.69","pricePer":"$0.10 / fl oz","purchaseUnit":"48 fl oz"},{"mainCategory":"Dairy","categoryName":"Non-Dairy Milk","subCategoryName":"Almond Milk","title":"Original Almond Milk","producer":"Califia Farms","photoPath":"https://goodeggs4.imgix.net/888fedae-7842-4753-a4cd-15d7d0a0c70d.jpg?w=380&h=238&fm=jpg&auto=compress&fit=crop","price":"4.69","pricePer":"$0.10 / fl oz","purchaseUnit":"48 fl oz"},{"mainCategory":"Dairy","categoryName":"Non-Dairy Milk","subCategoryName":"Almond Milk","title":"Toasted Coconut Almond Milk","producer":"Califia Farms","photoPath":"https://goodeggs4.imgix.net/bc0a40b7-dac6-4c44-ba3e-bb74e9d0a9d2.jpg?w=380&h=238&fm=jpg&auto=compress&fit=crop","price":"4.69","pricePer":"$0.10 / fl oz","purchaseUnit":"48 fl oz"},{"mainCategory":"Dairy","categoryName":"Non-Dairy Milk","subCategoryName":"Almond Milk","title":"Organic Unsweetened Almond Milk","producer":"New Barn Organics","photoPath":"https://goodeggs4.imgix.net/2824c14b-8d00-4a73-bc8b-876756dbefc3.jpg?w=380&h=238&fm=jpg&auto=compress&fit=crop","price":"5.69","pricePer":"$0.18 / fl oz","purchaseUnit":"32 fl oz"},{"mainCategory":"Dairy","categoryName":"Non-Dairy Milk","subCategoryName":"Almond Milk","title":"Barista Almond Milk","producer":"New Barn Organics","photoPath":"https://goodeggs4.imgix.net/6e8433eb-d640-4026-b8da-49a61b907812.jpg?w=380&h=238&fm=jpg&auto=compress&fit=crop","price":"5.69","pricePer":"$0.18 / fl oz","purchaseUnit":"32 fl oz"},{"mainCategory":"Dairy","categoryName":"Non-Dairy Milk","subCategoryName":"Almond Milk","title":"Organic Unsweetened Almond Milk","producer":"Three Trees","photoPath":"https://goodeggs4.imgix.net/5f0cb67c-0f12-461f-8dfb-81efb3ac6dbf.jpg?w=380&h=238&fm=jpg&auto=compress&fit=crop","price":"6.99","pricePer":"$0.25 / fl oz","purchaseUnit":"28 fl oz"},{"mainCategory":"Dairy","categoryName":"Non-Dairy Milk","subCategoryName":"Almond Milk","title":"Organic Unsweetened Vanilla Almond Milk","producer":"Three Trees","photoPath":"https://goodeggs4.imgix.net/0f986462-0231-42cf-8dc5-ebf21766ce90.jpg?w=380&h=238&fm=jpg&auto=compress&fit=crop","price":"6.99","pricePer":"$0.25 / fl oz","purchaseUnit":"28 fl oz"},{"mainCategory":"Dairy","categoryName":"Non-Dairy Milk","subCategoryName":"Almond Milk","title":"Organic Unsweetened Vanilla Almond Milk","producer":"Malk Organics","photoPath":"https://goodeggs4.imgix.net/4f127f36-aa01-4c9c-bcc9-ce94215bb3f9.jpg?w=380&h=238&fm=jpg&auto=compress&fit=crop","price":"4.99","pricePer":"$0.18 / fl oz","purchaseUnit":"28 fl oz"},{"mainCategory":"Dairy","categoryName":"Non-Dairy Milk","subCategoryName":"Almond Milk","title":"Organic Unsweetened Almond Milk","producer":"Pacific Foods","photoPath":"https://goodeggs4.imgix.net/1cdf3d86-51e5-4314-a1de-31757fc98d9c.jpg?w=380&h=238&fm=jpg&auto=compress&fit=crop","price":"3.29","pricePer":"$0.10 / fl oz","purchaseUnit":"32 fl oz"},{"mainCategory":"Dairy","categoryName":"Non-Dairy Milk","subCategoryName":"Almond Milk","title":"Organic Unsweetened Vanilla Almond Milk","producer":"Pacific Foods","photoPath":"https://goodeggs4.imgix.net/165873b7-6e8d-4249-aa8e-453c6c4898c6.jpg?w=380&h=238&fm=jpg&auto=compress&fit=crop","price":"3.19","pricePer":"$0.10 / fl oz","purchaseUnit":"32 fl oz"},{"mainCategory":"Dairy","categoryName":"Non-Dairy Milk","subCategoryName":"Almond Milk","title":"Organic Original Almond Milk","producer":"Pacific Foods","photoPath":"https://goodeggs4.imgix.net/5c4d2ee5-fe44-4eb9-b6d7-9b79d6f0c8bc.jpg?w=380&h=238&fm=jpg&auto=compress&fit=crop","price":"3.29","pricePer":"$0.10 / fl oz","purchaseUnit":"32 fl oz"},{"mainCategory":"Dairy","categoryName":"Non-Dairy Milk","subCategoryName":"Almond Milk","title":"Organic Vanilla Almond Milk","producer":"Pacific Foods","photoPath":"https://goodeggs4.imgix.net/afa6110a-3ab0-44ef-84ea-20905f2a196d.jpg?w=380&h=238&fm=jpg&auto=compress&fit=crop","price":"3.29","pricePer":"$0.10 / fl oz","purchaseUnit":"32 fl oz"},{"mainCategory":"Dairy","categoryName":"Non-Dairy Milk","subCategoryName":"Almond Milk","title":"Organic Matcha Almond Milk Latte","producer":"Pop & Bottle","photoPath":"https://goodeggs4.imgix.net/fa913db2-5efb-4c08-aa06-8ba45fde85e4.jpg?w=380&h=238&fm=jpg&auto=compress&fit=crop","price":"4.99","pricePer":"$0.45 / fl oz","purchaseUnit":"11 fl oz"},{"mainCategory":"Dairy","categoryName":"Non-Dairy Milk","subCategoryName":"Almond Milk","title":"Vanilla Cold Brew Almond Latte","producer":"Pop & Bottle","photoPath":"https://goodeggs4.imgix.net/7cf66420-ea32-4d97-bcb3-df5f3c21da10.jpg?w=380&h=238&fm=jpg&auto=compress&fit=crop","price":"4.99","pricePer":"$0.45 / fl oz","purchaseUnit":"11 fl oz"},{"mainCategory":"Dairy","categoryName":"Non-Dairy Milk","subCategoryName":"Almond Milk","title":"Organic Cold Brew Coffee Almond Milk","producer":"Pop & Bottle","photoPath":"https://goodeggs4.imgix.net/a19d9c67-e9f1-43c8-9ed5-cb816a9a7bfb.jpg?w=380&h=238&fm=jpg&auto=compress&fit=crop","price":"4.99","pricePer":"$0.45 / fl oz","purchaseUnit":"11 fl oz"},{"mainCategory":"Dairy","categoryName":"Non-Dairy Milk","subCategoryName":"Almond Milk","title":"Organic Mocha Almond Latte","producer":"Pop & Bottle","photoPath":"https://goodeggs4.imgix.net/ad660fc7-ad63-4cee-b9b1-e3639774cbfd.jpg?w=380&h=238&fm=jpg&auto=compress&fit=crop","price":"4.99","pricePer":"$0.45 / fl oz","purchaseUnit":"11 fl oz"},{"mainCategory":"Dairy","categoryName":"Non-Dairy Milk","subCategoryName":"Almond Milk","title":"Organic Cacao Almond Milk","producer":"Pop & Bottle","photoPath":"https://goodeggs4.imgix.net/504d1039-78df-4d8a-ba63-e48dac2cabdd.jpg?w=380&h=238&fm=jpg&auto=compress&fit=crop","price":"4.99","pricePer":"$0.45 / fl oz","purchaseUnit":"11 fl oz"},{"mainCategory":"Dairy","categoryName":"Non-Dairy Milk","subCategoryName":"Almond Milk","title":"Organic Golden Almond Milk","producer":"Pop & Bottle","photoPath":"https://goodeggs4.imgix.net/79a04b76-98c6-4fe3-bd8d-ef8fc84608f1.jpg?w=380&h=238&fm=jpg&auto=compress&fit=crop","price":"4.99","pricePer":"$0.45 / fl oz","purchaseUnit":"11 fl oz"},{"mainCategory":"Dairy","categoryName":"Non-Dairy Milk","subCategoryName":"Almond Milk","title":"Raw Coconut Almond Milk","producer":"Milkman SF","photoPath":"https://goodeggs4.imgix.net/16be15bc-b57e-4461-ac53-a8bd07c4768a.jpg?w=380&h=238&fm=jpg&auto=compress&fit=crop","price":"13.99","pricePer":"$0.44 / fl oz","purchaseUnit":"32 fl oz"},{"mainCategory":"Dairy","categoryName":"Non-Dairy Milk","subCategoryName":"Almond Milk","title":"Almond Milk","producer":"Marin Living Foods","photoPath":"https://goodeggs4.imgix.net/32fe109e-e015-43b8-8471-da36902c0327.jpg?w=380&h=238&fm=jpg&auto=compress&fit=crop","price":"11.49","pricePer":"$0.36 / fl oz","purchaseUnit":"32 fl oz"},{"mainCategory":"Dairy","categoryName":"Non-Dairy Milk","subCategoryName":"Almond Milk","title":"Ube Almond Milk","producer":"Marin Living Foods","photoPath":"https://goodeggs4.imgix.net/c4d091b9-1235-490d-9a14-6b6f6262e65b.jpg?w=380&h=238&fm=jpg&auto=compress&fit=crop","price":"7.99","pricePer":null,"purchaseUnit":"12 fl oz"},{"mainCategory":"Dairy","categoryName":"Non-Dairy Milk","subCategoryName":"Almond Milk","title":"Black Sesame Almond Milk","producer":"Marin Living Foods","photoPath":"https://goodeggs4.imgix.net/70c9bb1c-b062-4baa-b2e1-42cf54a05eab.jpg?w=380&h=238&fm=jpg&auto=compress&fit=crop","price":"7.99","pricePer":null,"purchaseUnit":"12 fl oz"},{"mainCategory":"Dairy","categoryName":"Non-Dairy Milk","subCategoryName":"Almond Milk","title":"Matcha Almond Milk","producer":"Marin Living Foods","photoPath":"https://goodeggs4.imgix.net/ef789018-0f39-4769-96b1-5f5e7faf463f.jpg?w=380&h=238&fm=jpg&auto=compress&fit=crop","price":"7.99","pricePer":null,"purchaseUnit":"12 fl oz"},{"mainCategory":"Dairy","categoryName":"Non-Dairy Milk","subCategoryName":"Creamers","title":"Original Creamer","producer":"Nutpods","photoPath":"https://goodeggs4.imgix.net/5f8cbace-9ef1-493b-9774-76a6e1e30d95.jpg?w=380&h=238&fm=jpg&auto=compress&fit=crop","price":"3.69","pricePer":"$0.23 / oz","purchaseUnit":"16 oz"},{"mainCategory":"Dairy","categoryName":"Non-Dairy Milk","subCategoryName":"Creamers","title":"Unsweetened Better Half","producer":"Califia Farms","photoPath":"https://goodeggs4.imgix.net/6b534ff9-d415-46a5-b64b-f7d7caf8f046.jpg?w=380&h=238&fm=jpg&auto=compress&fit=crop","price":"3.49","pricePer":"$0.22 / fl oz","purchaseUnit":"16 fl oz"},{"mainCategory":"Dairy","categoryName":"Non-Dairy Milk","subCategoryName":"Creamers","title":"Original Better Half","producer":"Califia Farms","photoPath":"https://goodeggs4.imgix.net/c6f4bd91-9bfc-493e-9900-468affc78340.jpg?w=380&h=238&fm=jpg&auto=compress&fit=crop","price":"3.49","pricePer":"$0.22 / fl oz","purchaseUnit":"16 fl oz"},{"mainCategory":"Dairy","categoryName":"Non-Dairy Milk","subCategoryName":"Creamers","title":"Hazelnut Flavored Almondmilk Creamer","producer":"Califia Farms","photoPath":"https://goodeggs4.imgix.net/c86d8f10-adbf-4d6b-ac21-bae39bff46bc.jpg?w=380&h=238&fm=jpg&auto=compress&fit=crop","price":"4.99","pricePer":"$0.20 / fl oz","purchaseUnit":"25.4 fl oz"},{"mainCategory":"Dairy","categoryName":"Non-Dairy Milk","subCategoryName":"Creamers","title":"Unsweetened Almondmilk Creamer","producer":"Califia Farms","photoPath":"https://goodeggs4.imgix.net/881f9c79-d571-403e-8e62-01c1e1559b38.jpg?w=380&h=238&fm=jpg&auto=compress&fit=crop","price":"4.99","pricePer":"$0.20 / fl oz","purchaseUnit":"25.4 fl oz"},{"mainCategory":"Dairy","categoryName":"Non-Dairy Milk","subCategoryName":"Creamers","title":"Original Plant-Based Half & Half","producer":"Ripple","photoPath":"https://goodeggs4.imgix.net/72c4ebd3-c580-4b4a-a5f2-bf8d435c7e90.jpg?w=380&h=238&fm=jpg&auto=compress&fit=crop","price":"4.99","pricePer":"$0.20 / fl oz","purchaseUnit":"25.4 fl oz"},{"mainCategory":"Dairy","categoryName":"Non-Dairy Milk","subCategoryName":"Soy & Pea Milk","title":"Unsweetened Original Pea Milk","producer":"Ripple","photoPath":"https://goodeggs4.imgix.net/845b6ce2-968a-41da-81fd-18616c43aba7.jpg?w=380&h=238&fm=jpg&auto=compress&fit=crop","price":"4.99","pricePer":"$0.10 / fl oz","purchaseUnit":"48 fl oz"},{"mainCategory":"Dairy","categoryName":"Non-Dairy Milk","subCategoryName":"Soy & Pea Milk","title":"Unsweetened Vanilla Pea Milk","producer":"Ripple","photoPath":"https://goodeggs4.imgix.net/d016fde5-be38-4909-aa39-684b67f67e6a.jpg?w=380&h=238&fm=jpg&auto=compress&fit=crop","price":"4.99","pricePer":"$0.10 / fl oz","purchaseUnit":"48 fl oz"},{"mainCategory":"Dairy","categoryName":"Non-Dairy Milk","subCategoryName":"Soy & Pea Milk","title":"Chocolate Pea Milk","producer":"Ripple","photoPath":"https://goodeggs4.imgix.net/8476898a-58c2-41b3-bfab-9d59a6563ba9.jpg?w=380&h=238&fm=jpg&auto=compress&fit=crop","price":"4.99","pricePer":"$0.10 / fl oz","purchaseUnit":"48 fl oz"},{"mainCategory":"Dairy","categoryName":"Non-Dairy Milk","subCategoryName":"Soy & Pea Milk","title":"Original Pea Milk","producer":"Ripple","photoPath":"https://goodeggs4.imgix.net/40535cc8-24c4-4cb9-aeeb-e76ed61485d7.jpg?w=380&h=238&fm=jpg&auto=compress&fit=crop","price":"4.99","pricePer":"$0.10 / fl oz","purchaseUnit":"48 fl oz"},{"mainCategory":"Dairy","categoryName":"Non-Dairy Milk","subCategoryName":"Soy & Pea Milk","title":"Vanilla Pea Milk","producer":"Ripple","photoPath":"https://goodeggs4.imgix.net/b304dd45-0400-4849-9ac3-702864320e04.jpg?w=380&h=238&fm=jpg&auto=compress&fit=crop","price":"4.99","pricePer":"$0.10 / fl oz","purchaseUnit":"48 fl oz"},{"mainCategory":"Dairy","categoryName":"Non-Dairy Milk","subCategoryName":"Soy & Pea Milk","title":"Organic Unsweetened Soy Milk","producer":"Eden Foods","photoPath":"https://goodeggs4.imgix.net/6770c749-cadf-4fd7-8d27-ddb7e85a494b.jpg?w=380&h=238&fm=jpg&auto=compress&fit=crop","price":"3.99","pricePer":"$0.12 / fl oz","purchaseUnit":"32 fl oz"},{"mainCategory":"Dairy","categoryName":"Non-Dairy Milk","subCategoryName":"Nut Milk","title":"Organic Unsweetened Coconut Milk","producer":"Pacific Foods","photoPath":"https://goodeggs4.imgix.net/eff204b6-d408-41e7-b90c-83e1ad32cce0.jpg?w=380&h=238&fm=jpg&auto=compress&fit=crop","price":"3.39","pricePer":"$0.11 / fl oz","purchaseUnit":"32 fl oz"},{"mainCategory":"Dairy","categoryName":"Non-Dairy Milk","subCategoryName":"Nut Milk","title":"Organic Unsweetened Vanilla Coconut Milk","producer":"Pacific Foods","photoPath":"https://goodeggs4.imgix.net/2689c892-58a3-4ebf-8073-00651120068d.jpg?w=380&h=238&fm=jpg&auto=compress&fit=crop","price":"3.39","pricePer":"$0.11 / fl oz","purchaseUnit":"32 fl oz"},{"mainCategory":"Dairy","categoryName":"Non-Dairy Milk","subCategoryName":"Nut Milk","title":"Unsweetened Macadamia Nut Milk","producer":"Milkadamia","photoPath":"https://goodeggs4.imgix.net/f84663c7-967f-4305-9636-fc23f6e34ebd.jpg?w=380&h=238&fm=jpg&auto=compress&fit=crop","price":"4.69","pricePer":"$0.15 / fl oz","purchaseUnit":"32 fl oz"},{"mainCategory":"Dairy","categoryName":"Non-Dairy Milk","subCategoryName":"Nut Milk","title":"Unsweetened Vanilla Macadamia Nut Milk","producer":"Milkadamia","photoPath":"https://goodeggs4.imgix.net/be73bea9-1abe-4821-ba20-c39dea756344.jpg?w=380&h=238&fm=jpg&auto=compress&fit=crop","price":"4.69","pricePer":"$0.15 / fl oz","purchaseUnit":"32 fl oz"},{"mainCategory":"Dairy","categoryName":"Non-Dairy Milk","subCategoryName":"Nut Milk","title":"Barista Macadamia Nut Milk","producer":"Milkadamia","photoPath":"https://goodeggs4.imgix.net/f2b55504-f8ab-4b4d-a3f4-c00e1f63e972.jpg?w=380&h=238&fm=jpg&auto=compress&fit=crop","price":"4.69","pricePer":"$0.15 / fl oz","purchaseUnit":"32 fl oz"},{"mainCategory":"Dairy","categoryName":"Non-Dairy Milk","subCategoryName":"Nut Milk","title":"Original Macadamia Nut Milk","producer":"Milkadamia","photoPath":"https://goodeggs4.imgix.net/4f3c9ba6-9d85-4bd4-bdbe-63bf55e9189b.jpg?w=380&h=238&fm=jpg&auto=compress&fit=crop","price":"4.69","pricePer":"$0.15 / fl oz","purchaseUnit":"32 fl oz"},{"mainCategory":"Dairy","categoryName":"Non-Dairy Milk","subCategoryName":"Nut Milk","title":"Organic Original Unsweetened Coconut Cashew Oat Milk","producer":"Forager Project","photoPath":"https://goodeggs4.imgix.net/dd74d5e2-4dd6-4515-965d-079d09cd2e7b.jpg?w=380&h=238&fm=jpg&auto=compress&fit=crop","price":"5.99","pricePer":"$0.12 / fl oz","purchaseUnit":"48 fl oz"},{"mainCategory":"Dairy","categoryName":"Non-Dairy Milk","subCategoryName":"Nut Milk","title":"Organic Unsweetened Cashew Milk","producer":"Forager Project","photoPath":"https://goodeggs4.imgix.net/3382675a-79d0-4a8b-a46f-fad16445b23b.jpg?w=380&h=238&fm=jpg&auto=compress&fit=crop","price":"5.99","pricePer":"$0.12 / fl oz","purchaseUnit":"48 fl oz"},{"mainCategory":"Dairy","categoryName":"Cream","subCategoryName":"","title":"Organic Half & Half","producer":"Clover Sonoma","photoPath":"https://goodeggs4.imgix.net/19f1789b-5b07-48af-b9a8-40c89d39cb35.jpg?w=380&h=238&fm=jpg&auto=compress&fit=crop","price":"4.49","pricePer":"$0.14 / fl oz","purchaseUnit":"1 quart"},{"mainCategory":"Dairy","categoryName":"Cream","subCategoryName":"","title":"Organic Half & Half","producer":"Clover Sonoma","photoPath":"https://goodeggs4.imgix.net/93d48a50-d39f-465c-a7d2-c19c6e5700ba.jpg?w=380&h=238&fm=jpg&auto=compress&fit=crop","price":"2.49","pricePer":"$0.16 / fl oz","purchaseUnit":"1 pint"},{"mainCategory":"Dairy","categoryName":"Cream","subCategoryName":"","title":"Grade A Cultured Low Fat Buttermilk","producer":"Clover Sonoma","photoPath":"https://goodeggs4.imgix.net/9451f98e-358b-4385-8ed2-080097e1b7f0.jpg?w=380&h=238&fm=jpg&auto=compress&fit=crop","price":"2.19","pricePer":"$0.07 / fl oz","purchaseUnit":"1 quart"},{"mainCategory":"Dairy","categoryName":"Cream","subCategoryName":"","title":"Organic Lightly Sweetened Whipped Cream","producer":"Clover Sonoma","photoPath":"https://goodeggs4.imgix.net/6839874f-cb34-48f0-a773-6688a5f01ff2.jpg?w=380&h=238&fm=jpg&auto=compress&fit=crop","price":"5.99","pricePer":"$0.85 / oz","purchaseUnit":"7 oz"},{"mainCategory":"Dairy","categoryName":"Cream","subCategoryName":"","title":"Organic Heavy Whipping Cream","producer":"Clover Sonoma","photoPath":"https://goodeggs4.imgix.net/12cea1cc-307b-4b5c-a8fa-8666b644329b.jpg?w=380&h=238&fm=jpg&auto=compress&fit=crop","price":"4.69","pricePer":"$0.29 / fl oz","purchaseUnit":"1 pint"},{"mainCategory":"Dairy","categoryName":"Cream","subCategoryName":"","title":"Heavy Whipping Cream","producer":"Clover Sonoma","photoPath":"https://goodeggs4.imgix.net/a4182237-8364-4f7c-a226-67ccc7190c70.jpg?w=380&h=238&fm=jpg&auto=compress&fit=crop","price":"2.29","pricePer":"$0.29 / fl oz","purchaseUnit":"8 oz"},{"mainCategory":"Dairy","categoryName":"Cream","subCategoryName":"","title":"Organic Whipping Cream","producer":"Straus Family Creamery","photoPath":"https://goodeggs4.imgix.net/640b478b-e8f4-4a56-8297-b7d5a4140913.jpg?w=380&h=238&fm=jpg&auto=compress&fit=crop","price":"4.99","pricePer":"$0.31 / fl oz","purchaseUnit":"1 pint"},{"mainCategory":"Dairy","categoryName":"Cream","subCategoryName":"","title":"Half & Half","producer":"Organic Valley","photoPath":"https://goodeggs4.imgix.net/1add9f26-a10a-4860-8168-242b9d5cb988.jpg?w=380&h=238&fm=jpg&auto=compress&fit=crop","price":"2.99","pricePer":"$0.19 / oz","purchaseUnit":"16 fl oz"},{"mainCategory":"Dairy","categoryName":"Cream","subCategoryName":"","title":"Heavy Cream","producer":"Organic Valley","photoPath":"https://goodeggs4.imgix.net/bfdc5606-e38d-48b1-8dac-c6ac79e9c377.jpg?w=380&h=238&fm=jpg&auto=compress&fit=crop","price":"5.49","pricePer":"$0.34 / oz","purchaseUnit":"16 fl oz"},{"mainCategory":"Dairy","categoryName":"Cream","subCategoryName":"","title":"Raw Cream","producer":"Organic Pastures Dairy Company","photoPath":"https://goodeggs4.imgix.net/d8407f81-4ea9-48c8-9889-f02ce8d26499.jpg?w=380&h=238&fm=jpg&auto=compress&fit=crop","price":"13.99","pricePer":"$0.87 / fl oz","purchaseUnit":"1 pint"},{"mainCategory":"Dairy","categoryName":"Eggs","subCategoryName":"","title":"Pasture Raised Eggs (Large)","producer":"St. John Family Farms","photoPath":"https://goodeggs4.imgix.net/3316dce3-6d26-4baa-b4cb-05e45fea9dd7.jpg?w=380&h=238&fm=jpg&auto=compress&fit=crop","price":"7.99","pricePer":null,"purchaseUnit":"1 dozen"},{"mainCategory":"Dairy","categoryName":"Eggs","subCategoryName":"","title":"Organic Cage Free Brown Eggs (Large)","producer":"Glaum Egg Ranch","photoPath":"https://goodeggs4.imgix.net/1e91acf3-13d2-442d-9c47-f97c1c7abd4f.jpg?w=380&h=238&fm=jpg&auto=compress&fit=crop","price":"5.49","pricePer":null,"purchaseUnit":"1 dozen"},{"mainCategory":"Dairy","categoryName":"Eggs","subCategoryName":"","title":"Organic Pasture Raised Eggs (Large)","producer":"Alexandre Family Farm","photoPath":"https://goodeggs4.imgix.net/edece1f0-bcd4-453e-8650-077e1aa52081.jpg?w=380&h=238&fm=jpg&auto=compress&fit=crop","price":"9.99","pricePer":null,"purchaseUnit":"1 dozen"},{"mainCategory":"Dairy","categoryName":"Eggs","subCategoryName":"","title":"Organic Pasture Raised Eggs (Medium)","producer":"Coastal Hill Farm","photoPath":"https://goodeggs4.imgix.net/b6a26cb2-ee92-41b9-a92b-66d4b13f7543.jpg?w=380&h=238&fm=jpg&auto=compress&fit=crop","price":"8.99","pricePer":null,"purchaseUnit":"1 dozen"},{"mainCategory":"Dairy","categoryName":"Eggs","subCategoryName":"","title":"Organic Pasture Raised Eggs (Jumbo)","producer":"Alexandre Family Farm","photoPath":"https://goodeggs4.imgix.net/22e5ca0c-e9de-43e5-94cf-4308c1be4e0e.jpg?w=380&h=238&fm=jpg&auto=compress&fit=crop","price":"9.99","pricePer":null,"purchaseUnit":"10 count"},{"mainCategory":"Dairy","categoryName":"Eggs","subCategoryName":"","title":"Pasture Raised Eggs (Large)","producer":"Simas Farms","photoPath":"https://goodeggs4.imgix.net/ea2b9774-b7a2-4f7c-b188-b7ace9e14abb.jpg?w=380&h=238&fm=jpg&auto=compress&fit=crop","price":"8.99","pricePer":null,"purchaseUnit":"1 dozen"},{"mainCategory":"Dairy","categoryName":"Eggs","subCategoryName":"","title":"Pasture Raised Eggs (Medium)","producer":"St. John Family Farms","photoPath":"https://goodeggs4.imgix.net/b74cc9b4-38b5-4e84-b9d4-23584ec48774.jpg?w=380&h=238&fm=jpg&auto=compress&fit=crop","price":"7.49","pricePer":null,"purchaseUnit":"1 dozen"},{"mainCategory":"Dairy","categoryName":"Eggs","subCategoryName":"","title":"Pasture Raised Rainbow Eggs (Large)","producer":"Rolling Oaks Ranch","photoPath":"https://goodeggs4.imgix.net/b722b235-eefe-405a-8a57-681056cd4378.jpg?w=380&h=238&fm=jpg&auto=compress&fit=crop","price":"12.99","pricePer":null,"purchaseUnit":"1 dozen"},{"mainCategory":"Dairy","categoryName":"Eggs","subCategoryName":"","title":"Pasture Raised Eggs (Small)","producer":"St. John Family Farms","photoPath":"https://goodeggs4.imgix.net/4ae7ae30-8db0-11eb-8994-e1a9d560c915?w=380&h=238&fm=jpg&auto=compress&fit=crop","price":"5.49","pricePer":null,"purchaseUnit":"1 dozen"},{"mainCategory":"Dairy","categoryName":"Eggs","subCategoryName":"","title":"Pasture Raised Eggs (Large)","producer":"St. John Family Farms","photoPath":"https://goodeggs4.imgix.net/d6725605-8cee-4e5f-8837-fd7e9f346b1a.jpg?w=380&h=238&fm=jpg&auto=compress&fit=crop","price":"4.99","pricePer":null,"purchaseUnit":"1 half dozen"},{"mainCategory":"Dairy","categoryName":"Eggs","subCategoryName":"","title":"Organic Pasture Raised Eggs (Jumbo)","producer":"Alexandre Family Farm","photoPath":"https://goodeggs4.imgix.net/02784fb9-e8de-4d2d-a64d-a6312c239c4f.jpg?w=380&h=238&fm=jpg&auto=compress&fit=crop","price":"5.49","pricePer":null,"purchaseUnit":"1 half dozen"},{"mainCategory":"Dairy","categoryName":"Eggs","subCategoryName":"","title":"Organic Eggs & A2 Whole Milk","producer":"Alexandre Family Farm","photoPath":"https://goodeggs4.imgix.net/4d62157b-aaa3-4568-91c1-d59b539f4357.jpg?w=380&h=238&fm=jpg&auto=compress&fit=crop","price":"11.49","pricePer":null,"purchaseUnit":"1 count"},{"mainCategory":"Dairy","categoryName":"Eggs","subCategoryName":"","title":"Duck Eggs","producer":"Mary's Free Range Chicken","photoPath":"https://goodeggs4.imgix.net/72c00989-3229-49ff-b54c-12bfb0c99118.jpg?w=380&h=238&fm=jpg&auto=compress&fit=crop","price":"5.99","pricePer":null,"purchaseUnit":"1 half dozen"},{"mainCategory":"Dairy","categoryName":"Eggs","subCategoryName":"","title":"Extra Large Pasture Raised Duck Eggs","producer":"Farmer Joy","photoPath":"https://goodeggs4.imgix.net/3472a18e-b100-4c06-affd-605653bf66de.jpg?w=380&h=238&fm=jpg&auto=compress&fit=crop","price":"6.99","pricePer":null,"purchaseUnit":"1 half dozen"},{"mainCategory":"Dairy","categoryName":"Eggs","subCategoryName":"","title":"Jumbo Pasture Raised  Duck Eggs","producer":"Farmer Joy","photoPath":"https://goodeggs4.imgix.net/2f861d4a-87c7-428b-b501-bcbd1a45696c.jpg?w=380&h=238&fm=jpg&auto=compress&fit=crop","price":"12.99","pricePer":null,"purchaseUnit":"1 dozen"},{"mainCategory":"Dairy","categoryName":"Eggs","subCategoryName":"","title":"Free Range Quail Eggs","producer":"F.E.E.D. Sonoma","photoPath":"https://goodeggs4.imgix.net/2682beed-a40c-4e55-91a0-3acc1796093e.jpg?w=380&h=238&fm=jpg&auto=compress&fit=crop","price":"8.99","pricePer":null,"purchaseUnit":"1 dozen"},{"mainCategory":"Dairy","categoryName":"Yogurt","subCategoryName":"Yogurt Tubes","title":"Strawberry Banana Yogurt Tubes with Brainpack™","producer":"Brainiac Kids","photoPath":"https://goodeggs4.imgix.net/e3734a7b-6ef4-41af-ae39-678de1ece84f.jpg?w=380&h=238&fm=jpg&auto=compress&fit=crop","price":"4.99","pricePer":"$0.31 / oz","purchaseUnit":"8 count"},{"mainCategory":"Dairy","categoryName":"Yogurt","subCategoryName":"Yogurt Tubes","title":"Cherry Vanilla Yogurt Tubes with Brainpack™","producer":"Brainiac Kids","photoPath":"https://goodeggs4.imgix.net/a4efdcdd-2867-49c9-b85a-6384935a9f92.jpg?w=380&h=238&fm=jpg&auto=compress&fit=crop","price":"4.99","pricePer":"$0.31 / oz","purchaseUnit":"8 count"},{"mainCategory":"Dairy","categoryName":"Yogurt","subCategoryName":"Multiserve","title":"Organic Whole Greek Yogurt","producer":"Straus Family Creamery","photoPath":"https://goodeggs4.imgix.net/06fb8fc3-28d2-4fae-876c-f1e63860ead6.jpg?w=380&h=238&fm=jpg&auto=compress&fit=crop","price":"7.99","pricePer":"$0.25 / oz","purchaseUnit":"32 oz"},{"mainCategory":"Dairy","categoryName":"Yogurt","subCategoryName":"Multiserve","title":"Organic Nonfat Greek Yogurt","producer":"Straus Family Creamery","photoPath":"https://goodeggs4.imgix.net/97fea5eb-ca58-4a50-a64c-f340fa336072.jpg?w=380&h=238&fm=jpg&auto=compress&fit=crop","price":"7.99","pricePer":"$0.25 / oz","purchaseUnit":"32 oz"},{"mainCategory":"Dairy","categoryName":"Yogurt","subCategoryName":"Multiserve","title":"Organic Plain Whole Milk Yogurt","producer":"Straus Family Creamery","photoPath":"https://goodeggs4.imgix.net/86c19c76-7415-43c5-bd85-6c6e2690d42e.jpg?w=380&h=238&fm=jpg&auto=compress&fit=crop","price":"5.69","pricePer":"$0.18 / oz","purchaseUnit":"32 oz"},{"mainCategory":"Dairy","categoryName":"Yogurt","subCategoryName":"Multiserve","title":"Organic Plain Nonfat Yogurt","producer":"Straus Family Creamery","photoPath":"https://goodeggs4.imgix.net/624b476c-b862-46a3-b44f-7ca89429e071.jpg?w=380&h=238&fm=jpg&auto=compress&fit=crop","price":"5.69","pricePer":"$0.18 / oz","purchaseUnit":"32 oz"},{"mainCategory":"Dairy","categoryName":"Yogurt","subCategoryName":"Multiserve","title":"Organic Vanilla Whole Milk Yogurt","producer":"Straus Family Creamery","photoPath":"https://goodeggs4.imgix.net/e558439a-0a86-4ed7-b2e9-c0b5645b835e.jpg?w=380&h=238&fm=jpg&auto=compress&fit=crop","price":"5.69","pricePer":"$0.18 / oz","purchaseUnit":"32 oz"},{"mainCategory":"Dairy","categoryName":"Yogurt","subCategoryName":"Multiserve","title":"Organic Pasture-Raised Plain Yogurt","producer":"St. Benoit Creamery","photoPath":"https://goodeggs4.imgix.net/747bb287-9c85-4b6b-bfb9-32ebc9b241e0.jpg?w=380&h=238&fm=jpg&auto=compress&fit=crop","price":"6.99","pricePer":"$0.30 / oz","purchaseUnit":"23 oz"},{"mainCategory":"Dairy","categoryName":"Yogurt","subCategoryName":"Multiserve","title":"Organic Pasture-Raised Vanilla Yogurt","producer":"St. Benoit Creamery","photoPath":"https://goodeggs4.imgix.net/32cb01d7-4009-423a-bd01-a6ea1d53bfcb.jpg?w=380&h=238&fm=jpg&auto=compress&fit=crop","price":"6.99","pricePer":"$0.30 / oz","purchaseUnit":"23 oz"},{"mainCategory":"Dairy","categoryName":"Yogurt","subCategoryName":"Multiserve","title":"Organic Pasture-Raised Meyer Lemon Yogurt","producer":"St. Benoit Creamery","photoPath":"https://goodeggs4.imgix.net/f19fdf12-9c4b-433c-8da4-c22254de87f8.jpg?w=380&h=238&fm=jpg&auto=compress&fit=crop","price":"6.99","pricePer":"$0.30 / oz","purchaseUnit":"23 oz"},{"mainCategory":"Dairy","categoryName":"Yogurt","subCategoryName":"Multiserve","title":"Whole Milk Icelandic Yogurt","producer":"Siggi's","photoPath":"https://goodeggs4.imgix.net/c4413713-d0c4-41c2-b439-d2b6a3ee1452.jpg?w=380&h=238&fm=jpg&auto=compress&fit=crop","price":"5.99","pricePer":"$0.25 / oz","purchaseUnit":"24 oz"},{"mainCategory":"Dairy","categoryName":"Yogurt","subCategoryName":"Multiserve","title":"Organic Nonfat Vanilla Bean Greek Yogurt","producer":"Clover Sonoma","photoPath":"https://goodeggs4.imgix.net/aba0ae7f-e0a9-45e5-80eb-300fe79f352e.jpg?w=380&h=238&fm=jpg&auto=compress&fit=crop","price":"8.29","pricePer":"$0.26 / oz","purchaseUnit":"32 oz"},{"mainCategory":"Dairy","categoryName":"Yogurt","subCategoryName":"Multiserve","title":"Organic Low Fat Vanilla Yogurt","producer":"Clover Sonoma","photoPath":"https://goodeggs4.imgix.net/bbdb94ec-2750-4b2d-be03-82e37c73608f.jpg?w=380&h=238&fm=jpg&auto=compress&fit=crop","price":"4.99","pricePer":"$0.16 / oz","purchaseUnit":"32 oz"},{"mainCategory":"Dairy","categoryName":"Yogurt","subCategoryName":"Multiserve","title":"Organic Plain Whole Milk Yogurt","producer":"Bellwether Farms","photoPath":"https://goodeggs4.imgix.net/0a5662e3-ddf7-446a-8377-05427749528c.jpg?w=380&h=238&fm=jpg&auto=compress&fit=crop","price":"5.79","pricePer":"$0.18 / oz","purchaseUnit":"32 oz"},{"mainCategory":"Dairy","categoryName":"Yogurt","subCategoryName":"Multiserve","title":"Organic Vanilla Whole Milk Yogurt","producer":"Bellwether Farms","photoPath":"https://goodeggs4.imgix.net/ea6ebee4-cbae-424d-a675-9d1ab7a8b9af.jpg?w=380&h=238&fm=jpg&auto=compress&fit=crop","price":"5.79","pricePer":"$0.18 / oz","purchaseUnit":"32 oz"},{"mainCategory":"Dairy","categoryName":"Yogurt","subCategoryName":"Multiserve","title":"Organic A2A2 No Sugar Added Cream Top Vanilla Yogurt","producer":"Alexandre Family Farm","photoPath":"https://goodeggs4.imgix.net/ad487ad9-a63a-4693-a100-5a0482e540c0.jpg?w=380&h=238&fm=jpg&auto=compress&fit=crop","price":"5.69","pricePer":"$0.24 / oz","purchaseUnit":"24 oz"},{"mainCategory":"Dairy","categoryName":"Yogurt","subCategoryName":"Greek Cups","title":"Organic Plain Whole Milk Greek Yogurt","producer":"Clover Sonoma","photoPath":"https://goodeggs4.imgix.net/27b7f775-4225-4e64-8679-496f690d0f8b.jpg?w=380&h=238&fm=jpg&auto=compress&fit=crop","price":"1.69","pricePer":"$0.32 / oz","purchaseUnit":"5.3 oz"},{"mainCategory":"Dairy","categoryName":"Yogurt","subCategoryName":"Greek Cups","title":"Organic Raspberry Whole Milk Greek Yogurt","producer":"Clover Sonoma","photoPath":"https://goodeggs4.imgix.net/cae46455-c666-4fd0-a262-6928d829a39a.jpg?w=380&h=238&fm=jpg&auto=compress&fit=crop","price":"1.69","pricePer":"$0.32 / oz","purchaseUnit":"5.3 oz"},{"mainCategory":"Dairy","categoryName":"Yogurt","subCategoryName":"Greek Cups","title":"Organic Blueberry Whole Milk Greek Yogurt","producer":"Clover Sonoma","photoPath":"https://goodeggs4.imgix.net/ad7be238-d865-4299-96c9-06840fe3cfaf.jpg?w=380&h=238&fm=jpg&auto=compress&fit=crop","price":"1.69","pricePer":"$0.32 / oz","purchaseUnit":"5.3 oz"},{"mainCategory":"Dairy","categoryName":"Yogurt","subCategoryName":"Greek Cups","title":"Organic Nonfat Plain Greek Yogurt","producer":"Wallaby Organic","photoPath":"https://goodeggs4.imgix.net/1f4fb011-6849-4e6e-be27-e87e8ce990d2.jpg?w=380&h=238&fm=jpg&auto=compress&fit=crop","price":"1.99","pricePer":"$0.38 / oz","purchaseUnit":"5.3 oz"},{"mainCategory":"Dairy","categoryName":"Yogurt","subCategoryName":"Classic Cups","title":"Organic Cream on Top Peach Yogurt","producer":"Clover Sonoma","photoPath":"https://goodeggs4.imgix.net/c0616d25-94d6-419f-85df-38e9efe2f08f.jpg?w=380&h=238&fm=jpg&auto=compress&fit=crop","price":"1.29","pricePer":"$0.21 / oz","purchaseUnit":"6 oz"},{"mainCategory":"Dairy","categoryName":"Yogurt","subCategoryName":"Classic Cups","title":"Organic Cream on Top Strawberry Yogurt","producer":"Clover Sonoma","photoPath":"https://goodeggs4.imgix.net/dad071ef-0a52-427f-9bea-3fda988e71b9.jpg?w=380&h=238&fm=jpg&auto=compress&fit=crop","price":"1.29","pricePer":"$0.21 / oz","purchaseUnit":"6 oz"},{"mainCategory":"Dairy","categoryName":"Yogurt","subCategoryName":"Classic Cups","title":"Organic Cream On Top Forest Berry Yogurt","producer":"Clover Sonoma","photoPath":"https://goodeggs4.imgix.net/625d526c-7795-45d5-8ac9-0bebbf5655e8.jpg?w=380&h=238&fm=jpg&auto=compress&fit=crop","price":"1.29","pricePer":"$0.21 / oz","purchaseUnit":"6 oz"},{"mainCategory":"Dairy","categoryName":"Yogurt","subCategoryName":"Classic Cups","title":"Organic Cream on Top Vanilla Yogurt","producer":"Clover Sonoma","photoPath":"https://goodeggs4.imgix.net/0fa2c5ea-4114-4495-bc9f-741bc81e435c.jpg?w=380&h=238&fm=jpg&auto=compress&fit=crop","price":"1.29","pricePer":"$0.21 / oz","purchaseUnit":"6 oz"},{"mainCategory":"Dairy","categoryName":"Yogurt","subCategoryName":"Classic Cups","title":"Organic Cream On Top Blueberry Yogurt","producer":"Clover Sonoma","photoPath":"https://goodeggs4.imgix.net/e316900f-d73c-4e1d-8fd7-b26cca90ac35.jpg?w=380&h=238&fm=jpg&auto=compress&fit=crop","price":"1.29","pricePer":"$0.21 / oz","purchaseUnit":"6 oz"},{"mainCategory":"Dairy","categoryName":"Yogurt","subCategoryName":"Classic Cups","title":"Organic Pasture-Raised Meyer Lemon Yogurt","producer":"St. Benoit Creamery","photoPath":"https://goodeggs4.imgix.net/e8aee64b-1784-4bc7-b914-96cd6354fa65.jpg?w=380&h=238&fm=jpg&auto=compress&fit=crop","price":"2.29","pricePer":"$0.48 / oz","purchaseUnit":"4.75 oz"},{"mainCategory":"Dairy","categoryName":"Yogurt","subCategoryName":"Classic Cups","title":"Organic Pasture-Raised Vanilla Yogurt","producer":"St. Benoit Creamery","photoPath":"https://goodeggs4.imgix.net/35b87178-f100-4105-bdf9-520a958a0373.jpg?w=380&h=238&fm=jpg&auto=compress&fit=crop","price":"2.29","pricePer":"$0.48 / oz","purchaseUnit":"4.75 oz"},{"mainCategory":"Dairy","categoryName":"Yogurt","subCategoryName":"Classic Cups","title":"Organic Pasture-Raised Strawberry Yogurt","producer":"St. Benoit Creamery","photoPath":"https://goodeggs4.imgix.net/a89e7d66-8efc-4103-83bf-a89fd82358cc.jpg?w=380&h=238&fm=jpg&auto=compress&fit=crop","price":"2.29","pricePer":"$0.48 / oz","purchaseUnit":"4.75 oz"},{"mainCategory":"Dairy","categoryName":"Yogurt","subCategoryName":"Classic Cups","title":"Organic Pasture-Raised Plain Yogurt","producer":"St. Benoit Creamery","photoPath":"https://goodeggs4.imgix.net/fb106cc9-e463-48a2-b41a-9a56a6986fba.jpg?w=380&h=238&fm=jpg&auto=compress&fit=crop","price":"2.29","pricePer":"$0.48 / oz","purchaseUnit":"4.75 oz"},{"mainCategory":"Dairy","categoryName":"Yogurt","subCategoryName":"Classic Cups","title":"Organic Blackberry Whole Milk Yogurt Cups","producer":"Bellwether Farms","photoPath":"https://goodeggs4.imgix.net/1253e4e8-66d6-4225-85d4-e3a89b4b8248.jpg?w=380&h=238&fm=jpg&auto=compress&fit=crop","price":"4.49","pricePer":"$0.30 / oz","purchaseUnit":"4 count"},{"mainCategory":"Dairy","categoryName":"Yogurt","subCategoryName":"Classic Cups","title":"Organic Lactose Free Vanilla Yogurt","producer":"Green Valley Organics","photoPath":"https://goodeggs4.imgix.net/0699812f-c079-4ea6-9e3d-d6d4489928f8.jpg?w=380&h=238&fm=jpg&auto=compress&fit=crop","price":"1.99","pricePer":"$0.33 / oz","purchaseUnit":"6 oz"},{"mainCategory":"Dairy","categoryName":"Yogurt","subCategoryName":"Icelandic Cups","title":"Nonfat Peach Icelandic Yogurt","producer":"Siggi's","photoPath":"https://goodeggs4.imgix.net/50754579-f0f7-4153-85ea-d8a91849ddea.jpg?w=380&h=238&fm=jpg&auto=compress&fit=crop","price":"1.99","pricePer":"$0.38 / oz","purchaseUnit":"5.3 oz"},{"mainCategory":"Dairy","categoryName":"Yogurt","subCategoryName":"Icelandic Cups","title":"Nonfat Raspberry Icelandic Yogurt","producer":"Siggi's","photoPath":"https://goodeggs4.imgix.net/13314cde-f8a7-4239-a1b1-29505210912f.jpg?w=380&h=238&fm=jpg&auto=compress&fit=crop","price":"1.99","pricePer":"$0.38 / oz","purchaseUnit":"5.3 oz"},{"mainCategory":"Dairy","categoryName":"Yogurt","subCategoryName":"Drinkable Yogurt","title":"Whole Milk Strawberry Drinkable Yogurt","producer":"Siggi's","photoPath":"https://goodeggs4.imgix.net/bd9ad44b-7229-4c95-8654-21aef323f9f4.jpg?w=380&h=238&fm=jpg&auto=compress&fit=crop","price":"1.99","pricePer":"$0.25 / oz","purchaseUnit":"8 oz"},{"mainCategory":"Dairy","categoryName":"Yogurt","subCategoryName":"Drinkable Yogurt","title":"Whole Milk Vanilla Drinkable Yogurt","producer":"Siggi's","photoPath":"https://goodeggs4.imgix.net/b76bd7ff-eb1b-46c3-b949-7fc08bcd2351.jpg?w=380&h=238&fm=jpg&auto=compress&fit=crop","price":"1.99","pricePer":"$0.25 / oz","purchaseUnit":"8 oz"},{"mainCategory":"Dairy","categoryName":"Yogurt","subCategoryName":"Drinkable Yogurt","title":"Whole Milk Blueberry Drinkable Yogurt","producer":"Siggi's","photoPath":"https://goodeggs4.imgix.net/de9bf49c-f34d-4116-90fd-d40edd9635ba.jpg?w=380&h=238&fm=jpg&auto=compress&fit=crop","price":"1.99","pricePer":"$0.25 / oz","purchaseUnit":"8 oz"},{"mainCategory":"Dairy","categoryName":"Yogurt","subCategoryName":"Drinkable Yogurt","title":"Strawberry Banana Drinkable Yogurt with Brainpack™","producer":"Brainiac Kids","photoPath":"https://goodeggs4.imgix.net/a5bde5e3-5550-4a53-ba93-58549b530125.jpg?w=380&h=238&fm=jpg&auto=compress&fit=crop","price":"4.99","pricePer":"$0.31 / oz","purchaseUnit":"4 count"},{"mainCategory":"Dairy","categoryName":"Yogurt","subCategoryName":"Drinkable Yogurt","title":"Cherry Vanilla Drinkable Yogurt with Brainpack™","producer":"Brainiac Kids","photoPath":"https://goodeggs4.imgix.net/49e05a32-e05e-489b-839c-7e0ae2c37615.jpg?w=380&h=238&fm=jpg&auto=compress&fit=crop","price":"4.99","pricePer":"$0.31 / oz","purchaseUnit":"4 count"},{"mainCategory":"Dairy","categoryName":"Yogurt","subCategoryName":"Drinkable Yogurt","title":"Mango Cardamom Lassi","producer":"Dosa","photoPath":"https://goodeggs4.imgix.net/fc3fed8c-ac86-485f-b98b-b69a4ec5e5d3.jpg?w=380&h=238&fm=jpg&auto=compress&fit=crop","price":"3.99","pricePer":"$0.49 / fl oz","purchaseUnit":"8 fl oz"},{"mainCategory":"Dairy","categoryName":"Yogurt","subCategoryName":"Drinkable Yogurt","title":"Banana Turmeric Lassi","producer":"Dosa","photoPath":"https://goodeggs4.imgix.net/7eefb689-580c-4b60-95ad-f88bc1319a8b.jpg?w=380&h=238&fm=jpg&auto=compress&fit=crop","price":"3.99","pricePer":"$0.49 / fl oz","purchaseUnit":"8 fl oz"},{"mainCategory":"Dairy","categoryName":"Yogurt","subCategoryName":"Drinkable Yogurt","title":"Pink Peppercorn Berry Lassi","producer":"Dosa","photoPath":"https://goodeggs4.imgix.net/1c2f806b-fcda-4a05-8f60-f3844236c4eb.jpg?w=380&h=238&fm=jpg&auto=compress&fit=crop","price":"3.99","pricePer":"$0.49 / fl oz","purchaseUnit":"8 fl oz"},{"mainCategory":"Dairy","categoryName":"Yogurt","subCategoryName":"Drinkable Yogurt","title":"Spicy Tamarind Lassi","producer":"Dosa","photoPath":"https://goodeggs4.imgix.net/b656f64c-4d2e-4ed2-a9ec-c13e6741b43c.jpg?w=380&h=238&fm=jpg&auto=compress&fit=crop","price":"3.99","pricePer":"$0.49 / fl oz","purchaseUnit":"8 fl oz"},{"mainCategory":"Dairy","categoryName":"Yogurt","subCategoryName":"Kefir","title":"Organic Grass-Fed Plain Kefir","producer":"Maple Hill Organic","photoPath":"https://goodeggs4.imgix.net/b53c1f47-3d90-4333-ab14-f87c2e711f64.jpg?w=380&h=238&fm=jpg&auto=compress&fit=crop","price":"5.99","pricePer":"$0.19 / oz","purchaseUnit":"32 fl oz"},{"mainCategory":"Dairy","categoryName":"Yogurt","subCategoryName":"Kefir","title":"Organic Grass-Fed Strawberry Kefir","producer":"Maple Hill Organic","photoPath":"https://goodeggs4.imgix.net/4b0e61a5-afef-4d39-a29a-126ac902e77e.jpg?w=380&h=238&fm=jpg&auto=compress&fit=crop","price":"5.99","pricePer":"$0.19 / oz","purchaseUnit":"32 fl oz"},{"mainCategory":"Dairy","categoryName":"Yogurt","subCategoryName":"Kefir","title":"Plain Goat's Milk Kefir","producer":"Redwood Hill Farm","photoPath":"https://goodeggs4.imgix.net/e5ee1810-adc7-4076-9a12-949740ef9e4e.jpg?w=380&h=238&fm=jpg&auto=compress&fit=crop","price":"6.99","pricePer":"$0.22 / fl oz","purchaseUnit":"1 quart"},{"mainCategory":"Dairy","categoryName":"Yogurt","subCategoryName":"Kefir","title":"Organic Plain Kefir","producer":"Clover Sonoma","photoPath":"https://goodeggs4.imgix.net/77626c0b-d2cd-4168-9356-d42adf86fd43.jpg?w=380&h=238&fm=jpg&auto=compress&fit=crop","price":"4.79","pricePer":"$0.15 / fl oz","purchaseUnit":"1 quart"},{"mainCategory":"Dairy","categoryName":"Yogurt","subCategoryName":"Kefir","title":"Raw Whole Milk Kefir","producer":"Organic Pastures Dairy Company","photoPath":"https://goodeggs4.imgix.net/5c4aeca2-df25-4391-a948-4b8f56293838.jpg?w=380&h=238&fm=jpg&auto=compress&fit=crop","price":"7.49","pricePer":"$0.23 / fl oz","purchaseUnit":"1 quart"},{"mainCategory":"Dairy","categoryName":"Yogurt","subCategoryName":"Goat & Sheep","title":"Plain Sheep's Milk Yogurt","producer":"Bellwether Farms","photoPath":"https://goodeggs4.imgix.net/22c8c765-837e-49c3-a124-7ff257f59d03.jpg?w=380&h=238&fm=jpg&auto=compress&fit=crop","price":"6.29","pricePer":"$0.39 / oz","purchaseUnit":"16 oz"},{"mainCategory":"Dairy","categoryName":"Yogurt","subCategoryName":"Goat & Sheep","title":"Vanilla Sheep's Milk Yogurt","producer":"Bellwether Farms","photoPath":"https://goodeggs4.imgix.net/39d6c519-db43-46aa-8000-89a05c733604.jpg?w=380&h=238&fm=jpg&auto=compress&fit=crop","price":"2.69","pricePer":"$0.45 / oz","purchaseUnit":"6 oz"},{"mainCategory":"Dairy","categoryName":"Yogurt","subCategoryName":"Goat & Sheep","title":"Blackberry Sheep's Milk Yogurt","producer":"Bellwether Farms","photoPath":"https://goodeggs4.imgix.net/88149794-21f6-4236-8973-b82e6ba6298a.jpg?w=380&h=238&fm=jpg&auto=compress&fit=crop","price":"2.69","pricePer":"$0.45 / oz","purchaseUnit":"6 oz"},{"mainCategory":"Dairy","categoryName":"Yogurt","subCategoryName":"Goat & Sheep","title":"Plain Goat's Milk Yogurt","producer":"Redwood Hill Farm","photoPath":"https://goodeggs4.imgix.net/914f5d7f-32c8-4b5a-af88-86b3df1d0b31.jpg?w=380&h=238&fm=jpg&auto=compress&fit=crop","price":"2.29","pricePer":"$0.38 / oz","purchaseUnit":"6 oz"},{"mainCategory":"Dairy","categoryName":"Yogurt","subCategoryName":"Goat & Sheep","title":"Sheep's Milk Yogurt Pint","producer":"Garden Variety Cheese","photoPath":"https://goodeggs4.imgix.net/52ec166a-d678-441f-9945-57839c39f51f.jpg?w=380&h=238&fm=jpg&auto=compress&fit=crop","price":"6.99","pricePer":"$0.44 / oz","purchaseUnit":"16 oz"},{"mainCategory":"Dairy","categoryName":"Yogurt","subCategoryName":"Goat & Sheep","title":"Sheep's Milk Yogurt Quart","producer":"Garden Variety Cheese","photoPath":"https://goodeggs4.imgix.net/1b5a5a58-aa28-43da-8491-826a8dca07be.jpg?w=380&h=238&fm=jpg&auto=compress&fit=crop","price":"13.59","pricePer":"$0.42 / oz","purchaseUnit":"32 oz"},{"mainCategory":"Dairy","categoryName":"Non-Dairy Yogurt","subCategoryName":"Alternative Yogurt","title":"Vanilla Oatmilk Yogurt","producer":"Nancy's Probiotic Foods","photoPath":"https://goodeggs4.imgix.net/9104b76a-0b70-401d-82b5-36f2069c5a20.jpg?w=380&h=238&fm=jpg&auto=compress&fit=crop","price":"1.69","pricePer":"$0.28 / oz","purchaseUnit":"6 oz"},{"mainCategory":"Dairy","categoryName":"Non-Dairy Yogurt","subCategoryName":"Alternative Yogurt","title":"Mango Pili Nut Yogurt","producer":"Lavva","photoPath":"https://goodeggs4.imgix.net/0a8c0202-98c4-4f7f-a8c5-876406577598.jpg?w=380&h=238&fm=jpg&auto=compress&fit=crop","price":"2.39","pricePer":"$0.45 / oz","purchaseUnit":"5.3 oz"},{"mainCategory":"Dairy","categoryName":"Non-Dairy Yogurt","subCategoryName":"Alternative Yogurt","title":"Vanilla Pili Nut Yogurt","producer":"Lavva","photoPath":"https://goodeggs4.imgix.net/9f94bcbb-7602-44eb-8ebd-ec9ff4a97031.jpg?w=380&h=238&fm=jpg&auto=compress&fit=crop","price":"2.39","pricePer":"$0.45 / oz","purchaseUnit":"5.3 oz"},{"mainCategory":"Dairy","categoryName":"Non-Dairy Yogurt","subCategoryName":"Alternative Yogurt","title":"Original Pili Nut Yogurt","producer":"Lavva","photoPath":"https://goodeggs4.imgix.net/c3dbd75a-98f5-4355-8689-ff0f19046b28.jpg?w=380&h=238&fm=jpg&auto=compress&fit=crop","price":"2.39","pricePer":"$0.45 / oz","purchaseUnit":"5.3 oz"},{"mainCategory":"Dairy","categoryName":"Non-Dairy Yogurt","subCategoryName":"Coconut Yogurt","title":"Mango Plant Based Coconut Blend Yogurt","producer":"Siggi's","photoPath":"https://goodeggs4.imgix.net/90b58c99-7a75-4145-9c1c-6111a9aab718.jpg?w=380&h=238&fm=jpg&auto=compress&fit=crop","price":"2.49","pricePer":"$0.47 / oz","purchaseUnit":"5.3 oz"},{"mainCategory":"Dairy","categoryName":"Non-Dairy Yogurt","subCategoryName":"Coconut Yogurt","title":"Turmeric & Coconut Yogurt with Maple-Toasted Seeds","producer":"Green Heart Foods","photoPath":"https://goodeggs4.imgix.net/3fb5b391-cdfb-4b27-ad09-f66ad4d432fe.jpg?w=380&h=238&fm=jpg&auto=compress&fit=crop","price":"5.99","pricePer":"$0.89 / oz","purchaseUnit":"6.7 oz"},{"mainCategory":"Dairy","categoryName":"Non-Dairy Yogurt","subCategoryName":"Coconut Yogurt","title":"Coconut Yogurt with Mixed Berry Compote","producer":"Green Heart Foods","photoPath":"https://goodeggs4.imgix.net/1d55e676-ebd3-4a59-866e-db2ba36729b7.jpg?w=380&h=238&fm=jpg&auto=compress&fit=crop","price":"5.99","pricePer":"$0.93 / oz","purchaseUnit":"6.4 oz"},{"mainCategory":"Dairy","categoryName":"Non-Dairy Yogurt","subCategoryName":"Coconut Yogurt","title":"Strawberry Coconut Yogurt","producer":"Harmless Harvest","photoPath":"https://goodeggs4.imgix.net/3ef75324-2b0e-49c5-98bc-d10860a2816c.jpg?w=380&h=238&fm=jpg&auto=compress&fit=crop","price":"2.29","pricePer":"$0.10 / fl oz","purchaseUnit":"4.4 oz"},{"mainCategory":"Dairy","categoryName":"Non-Dairy Yogurt","subCategoryName":"Cashew Yogurt","title":"Vanilla Bean Cashew Yogurt","producer":"Forager Project","photoPath":"https://goodeggs4.imgix.net/26e4fd9b-faca-42ac-a15f-192d0bf37f17.jpg?w=380&h=238&fm=jpg&auto=compress&fit=crop","price":"5.99","pricePer":"$0.25 / oz","purchaseUnit":"24 oz"},{"mainCategory":"Dairy","categoryName":"Non-Dairy Yogurt","subCategoryName":"Cashew Yogurt","title":"Organic Unsweetened Cashew Yogurt","producer":"Forager Project","photoPath":"https://goodeggs4.imgix.net/589dc949-e217-4451-83e9-437a42a771c3.jpg?w=380&h=238&fm=jpg&auto=compress&fit=crop","price":"5.99","pricePer":"$0.25 / oz","purchaseUnit":"24 oz"},{"mainCategory":"Dairy","categoryName":"Non-Dairy Yogurt","subCategoryName":"Cashew Yogurt","title":"Organic Strawberry Cashew Yogurt","producer":"Forager Project","photoPath":"https://goodeggs4.imgix.net/9d6f07e6-bd10-40dd-b454-21734a1c03e3.jpg?w=380&h=238&fm=jpg&auto=compress&fit=crop","price":"1.99","pricePer":"$0.38 / oz","purchaseUnit":"5.3 oz"},{"mainCategory":"Dairy","categoryName":"Non-Dairy Yogurt","subCategoryName":"Cashew Yogurt","title":"Organic Vanilla Bean Cashew Yogurt","producer":"Forager Project","photoPath":"https://goodeggs4.imgix.net/ca5aaffc-e8d3-4ae2-ba2f-ce3e8fec79a3.jpg?w=380&h=238&fm=jpg&auto=compress&fit=crop","price":"1.99","pricePer":"$0.38 / oz","purchaseUnit":"5.3 oz"},{"mainCategory":"Dairy","categoryName":"Non-Dairy Yogurt","subCategoryName":"Cashew Yogurt","title":"Organic Blueberry Cashew Yogurt","producer":"Forager Project","photoPath":"https://goodeggs4.imgix.net/2db378bd-fc09-485c-8d4c-d8234ffdd616.jpg?w=380&h=238&fm=jpg&auto=compress&fit=crop","price":"1.99","pricePer":"$0.38 / oz","purchaseUnit":"5.3 oz"},{"mainCategory":"Dairy","categoryName":"Non-Dairy Yogurt","subCategoryName":"Cashew Yogurt","title":"Organic Unsweetened Plain Cashew Yogurt","producer":"Forager Project","photoPath":"https://goodeggs4.imgix.net/e6a08b4d-3f9d-4c65-9b4e-3d18c941dda0.jpg?w=380&h=238&fm=jpg&auto=compress&fit=crop","price":"1.99","pricePer":"$0.38 / oz","purchaseUnit":"5.3 oz"},{"mainCategory":"Dairy","categoryName":"Non-Dairy Yogurt","subCategoryName":"Almond Yogurt","title":"Unsweetened Plain Almond Milk Yogurt","producer":"Kite Hill","photoPath":"https://goodeggs4.imgix.net/10ac1fc6-f377-4345-bc3c-7e0e7251a314.jpg?w=380&h=238&fm=jpg&auto=compress&fit=crop","price":"5.69","pricePer":"$0.36 / oz","purchaseUnit":"16 oz"},{"mainCategory":"Dairy","categoryName":"Non-Dairy Yogurt","subCategoryName":"Almond Yogurt","title":"Plain Unsweetened Greek-Style Almond Milk Yogurt","producer":"Kite Hill","photoPath":"https://goodeggs4.imgix.net/e39518c6-90f2-4df6-8a29-fcc0f7895a3b.jpg?w=380&h=238&fm=jpg&auto=compress&fit=crop","price":"5.99","pricePer":"$0.37 / oz","purchaseUnit":"16 oz"},{"mainCategory":"Dairy","categoryName":"Non-Dairy Yogurt","subCategoryName":"Almond Yogurt","title":"Peach Almond Milk Yogurt","producer":"Kite Hill","photoPath":"https://goodeggs4.imgix.net/101e0ed5-bd77-439c-be09-254159cf24b9.jpg?w=380&h=238&fm=jpg&auto=compress&fit=crop","price":"1.99","pricePer":"$0.38 / oz","purchaseUnit":"5.3 oz"},{"mainCategory":"Dairy","categoryName":"Non-Dairy Yogurt","subCategoryName":"Almond Yogurt","title":"Plain Unsweetened Greek-Style Almond Milk Yogurt","producer":"Kite Hill","photoPath":"https://goodeggs4.imgix.net/90fd3fab-acdd-455c-b3db-367d7e79b9bb.jpg?w=380&h=238&fm=jpg&auto=compress&fit=crop","price":"1.99","pricePer":"$0.38 / oz","purchaseUnit":"5.3 oz"},{"mainCategory":"Dairy","categoryName":"Non-Dairy Yogurt","subCategoryName":"Almond Yogurt","title":"Strawberry Almond Milk Yogurt","producer":"Kite Hill","photoPath":"https://goodeggs4.imgix.net/287c2f5c-d155-4818-aefb-1e875586e072.jpg?w=380&h=238&fm=jpg&auto=compress&fit=crop","price":"1.99","pricePer":"$0.38 / oz","purchaseUnit":"5.3 oz"},{"mainCategory":"Dairy","categoryName":"Non-Dairy Yogurt","subCategoryName":"Almond Yogurt","title":"Key Lime Almond Milk Yogurt","producer":"Kite Hill","photoPath":"https://goodeggs4.imgix.net/80366389-2590-49d5-8af9-16b86a1411df.jpg?w=380&h=238&fm=jpg&auto=compress&fit=crop","price":"1.99","pricePer":"$0.38 / oz","purchaseUnit":"5.3 oz"},{"mainCategory":"Dairy","categoryName":"Non-Dairy Yogurt","subCategoryName":"Almond Yogurt","title":"Vanilla Unsweetened Greek-Style Almond Milk Yogurt","producer":"Kite Hill","photoPath":"https://goodeggs4.imgix.net/9b556ae9-3c56-4a0c-a026-edbebd6f962a.jpg?w=380&h=238&fm=jpg&auto=compress&fit=crop","price":"5.99","pricePer":"$0.37 / oz","purchaseUnit":"16 oz"},{"mainCategory":"Dairy","categoryName":"Non-Dairy Yogurt","subCategoryName":"Almond Yogurt","title":"Blueberry Almond Milk Yogurt","producer":"Kite Hill","photoPath":"https://goodeggs4.imgix.net/b65753cc-6a3e-4bb8-9003-4249a909a2ea.jpg?w=380&h=238&fm=jpg&auto=compress&fit=crop","price":"1.99","pricePer":"$0.38 / oz","purchaseUnit":"5.3 oz"},{"mainCategory":"Dairy","categoryName":"Non-Dairy Yogurt","subCategoryName":"Almond Yogurt","title":"Vanilla Unsweetened Greek-Style Almond Milk Yogurt","producer":"Kite Hill","photoPath":"https://goodeggs4.imgix.net/8281f3c8-6708-4c29-8d56-5636ad07f9b6.jpg?w=380&h=238&fm=jpg&auto=compress&fit=crop","price":"1.99","pricePer":"$0.38 / oz","purchaseUnit":"5.3 oz"},{"mainCategory":"Dairy","categoryName":"Non-Dairy Yogurt","subCategoryName":"Almond Yogurt","title":"Vanilla Almond Milk Yogurt","producer":"Kite Hill","photoPath":"https://goodeggs4.imgix.net/9d44b83d-a8b5-47f1-86c8-10e321dab5b7.jpg?w=380&h=238&fm=jpg&auto=compress&fit=crop","price":"1.99","pricePer":"$0.38 / oz","purchaseUnit":"5.3 oz"},{"mainCategory":"Dairy","categoryName":"Butter & Cultured Dairy","subCategoryName":"Unsalted Butter","title":"Unsalted Butter","producer":"Clover Sonoma","photoPath":"https://goodeggs4.imgix.net/f25a85a9-6abf-49e3-a512-263984162b81.jpg?w=380&h=238&fm=jpg&auto=compress&fit=crop","price":"5.49","pricePer":"$5.49 / lb","purchaseUnit":"16 oz"},{"mainCategory":"Dairy","categoryName":"Butter & Cultured Dairy","subCategoryName":"Unsalted Butter","title":"Organic Unsalted Butter","producer":"Clover Sonoma","photoPath":"https://goodeggs4.imgix.net/6bcdf5e3-87f3-494d-9d9e-e80b8cf8c89c.jpg?w=380&h=238&fm=jpg&auto=compress&fit=crop","price":"7.99","pricePer":"$7.99 / lb","purchaseUnit":"16 oz"},{"mainCategory":"Dairy","categoryName":"Butter & Cultured Dairy","subCategoryName":"Unsalted Butter","title":"Organic Unsalted Butter","producer":"Straus Family Creamery","photoPath":"https://goodeggs4.imgix.net/168088e2-3927-4f0f-a23a-6e62aaecf73a.jpg?w=380&h=238&fm=jpg&auto=compress&fit=crop","price":"8.99","pricePer":"$8.99 / lb","purchaseUnit":"16 oz"},{"mainCategory":"Dairy","categoryName":"Butter & Cultured Dairy","subCategoryName":"Unsalted Butter","title":"Graziers Unsalted Grass-Fed Butter","producer":"Sierra Nevada Cheese","photoPath":"https://goodeggs4.imgix.net/7035b6b8-20c0-45f3-ab22-58904b505e40.jpg?w=380&h=238&fm=jpg&auto=compress&fit=crop","price":"4.99","pricePer":"$9.98 / lb","purchaseUnit":"8 oz"},{"mainCategory":"Dairy","categoryName":"Butter & Cultured Dairy","subCategoryName":"Unsalted Butter","title":"Organic Unsalted Butter","producer":"Spring Hill Jersey Cheese","photoPath":"https://goodeggs4.imgix.net/9653db59-d4a1-491f-9d4f-0fff110138be.jpg?w=380&h=238&fm=jpg&auto=compress&fit=crop","price":"4.99","pricePer":"$9.98 / lb","purchaseUnit":"8 oz"},{"mainCategory":"Dairy","categoryName":"Butter & Cultured Dairy","subCategoryName":"Unsalted Butter","title":"Unsalted Cultured Butter","producer":"Organic Valley","photoPath":"https://goodeggs4.imgix.net/12cfb292-cb30-4ac7-8bea-8e29258d1a54.jpg?w=380&h=238&fm=jpg&auto=compress&fit=crop","price":"10.99","pricePer":"$0.68 / oz","purchaseUnit":"1 lb"},{"mainCategory":"Dairy","categoryName":"Butter & Cultured Dairy","subCategoryName":"Sour Cream","title":"Organic Sour Cream","producer":"Straus Family Creamery","photoPath":"https://goodeggs4.imgix.net/5f80dc8b-817d-4235-8717-5e878b6eaf35.jpg?w=380&h=238&fm=jpg&auto=compress&fit=crop","price":"2.69","pricePer":"$0.34 / oz","purchaseUnit":"8 oz"},{"mainCategory":"Dairy","categoryName":"Butter & Cultured Dairy","subCategoryName":"Sour Cream","title":"Organic Sour Cream","producer":"Straus Family Creamery","photoPath":"https://goodeggs4.imgix.net/8ee2666b-d775-49d1-a573-ebbd51eea43d.jpg?w=380&h=238&fm=jpg&auto=compress&fit=crop","price":"4.39","pricePer":"$0.27 / oz","purchaseUnit":"16 oz"},{"mainCategory":"Dairy","categoryName":"Butter & Cultured Dairy","subCategoryName":"Sour Cream","title":"Organic Crème Fraîche","producer":"Cowgirl Creamery","photoPath":"https://goodeggs4.imgix.net/5162b15a-167e-42e9-8697-be546afb8c5e.jpg?w=380&h=238&fm=jpg&auto=compress&fit=crop","price":"3.99","pricePer":"$0.75 / oz","purchaseUnit":"5.3 oz"},{"mainCategory":"Dairy","categoryName":"Butter & Cultured Dairy","subCategoryName":"Sour Cream","title":"Crème Fraîche","producer":"Bellwether Farms","photoPath":"https://goodeggs4.imgix.net/ce2874c4-6bb4-4857-82f4-77b456444bc7.jpg?w=380&h=238&fm=jpg&auto=compress&fit=crop","price":"5.49","pricePer":"$0.73 / oz","purchaseUnit":"7.5 oz"},{"mainCategory":"Dairy","categoryName":"Butter & Cultured Dairy","subCategoryName":"Sour Cream","title":"Organic Lactose Free Sour Cream","producer":"Green Valley Organics","photoPath":"https://goodeggs4.imgix.net/03526205-73f9-4e45-8ec5-924dba759353.jpg?w=380&h=238&fm=jpg&auto=compress&fit=crop","price":"4.29","pricePer":"$0.36 / oz","purchaseUnit":"12 oz"},{"mainCategory":"Dairy","categoryName":"Butter & Cultured Dairy","subCategoryName":"Salted Butter","title":"Organic Salted Butter","producer":"Clover Sonoma","photoPath":"https://goodeggs4.imgix.net/274fd53e-4782-4d97-a393-504b33b566da.jpg?w=380&h=238&fm=jpg&auto=compress&fit=crop","price":"7.99","pricePer":"$7.99 / lb","purchaseUnit":"16 oz"},{"mainCategory":"Dairy","categoryName":"Butter & Cultured Dairy","subCategoryName":"Salted Butter","title":"Salted Butter","producer":"Clover Sonoma","photoPath":"https://goodeggs4.imgix.net/b23c6733-18ca-46f4-a658-6a75c2009e87.jpg?w=380&h=238&fm=jpg&auto=compress&fit=crop","price":"5.49","pricePer":"$5.49 / lb","purchaseUnit":"16 oz"},{"mainCategory":"Dairy","categoryName":"Butter & Cultured Dairy","subCategoryName":"Salted Butter","title":"Organic Salted Butter","producer":"Straus Family Creamery","photoPath":"https://goodeggs4.imgix.net/5405d889-b1cc-4bc2-a179-9766fbf9392d.jpg?w=380&h=238&fm=jpg&auto=compress&fit=crop","price":"8.99","pricePer":"$8.99 / lb","purchaseUnit":"16 oz"},{"mainCategory":"Dairy","categoryName":"Butter & Cultured Dairy","subCategoryName":"Salted Butter","title":"Graziers Salted Grass-Fed Butter","producer":"Sierra Nevada Cheese","photoPath":"https://goodeggs4.imgix.net/cf416288-bf5a-4046-a39f-04096fbc602c.jpg?w=380&h=238&fm=jpg&auto=compress&fit=crop","price":"4.99","pricePer":"$9.98 / lb","purchaseUnit":"8 oz"},{"mainCategory":"Dairy","categoryName":"Butter & Cultured Dairy","subCategoryName":"Salted Butter","title":"Black Truffle Butter","producer":"Fabrique Délices","photoPath":"https://goodeggs4.imgix.net/4f043c72-0351-4773-825a-fa9f399221c3.jpg?w=380&h=238&fm=jpg&auto=compress&fit=crop","price":"9.99","pricePer":"$3.33 / oz","purchaseUnit":"3 oz"},{"mainCategory":"Dairy","categoryName":"Butter & Cultured Dairy","subCategoryName":"Salted Butter","title":"Salted Butter","producer":"Organic Valley","photoPath":"https://goodeggs4.imgix.net/b4a051b8-1b8e-447c-b9b4-39c0541f7f65.jpg?w=380&h=238&fm=jpg&auto=compress&fit=crop","price":"10.99","pricePer":"$0.68 / oz","purchaseUnit":"1 lb"},{"mainCategory":"Dairy","categoryName":"Butter & Cultured Dairy","subCategoryName":"Salted Butter","title":"European Style Cultured Vegan Butter","producer":"Miyoko's Kitchen","photoPath":"https://goodeggs4.imgix.net/57c6f6b2-5815-49c5-95b5-de09eba88a92.jpg?w=380&h=238&fm=jpg&auto=compress&fit=crop","price":"6.99","pricePer":"$13.98 / lb","purchaseUnit":"8 oz"},{"mainCategory":"Dairy","categoryName":"Butter & Cultured Dairy","subCategoryName":"Cream Cheese","title":"Organic Cream Cheese","producer":"Clover Sonoma","photoPath":"https://goodeggs4.imgix.net/7b58210f-1323-42c3-9ad6-5bd915c042f9.jpg?w=380&h=238&fm=jpg&auto=compress&fit=crop","price":"3.99","pricePer":"$0.49 / oz","purchaseUnit":"8 oz"},{"mainCategory":"Dairy","categoryName":"Butter & Cultured Dairy","subCategoryName":"Cream Cheese","title":"Cream Cheese","producer":"Organic Valley","photoPath":"https://goodeggs4.imgix.net/60183829-cbbe-49f9-92ae-1a49b66f8066.jpeg?w=380&h=238&fm=jpg&auto=compress&fit=crop","price":"4.99","pricePer":"$0.62 / oz","purchaseUnit":"8 oz"},{"mainCategory":"Dairy","categoryName":"Butter & Cultured Dairy","subCategoryName":"Cream Cheese","title":"Organic Cream Cheese","producer":"Daily Driver","photoPath":"https://goodeggs4.imgix.net/bdb4720b-0543-4760-aaeb-bb47b65dbcb0.jpg?w=380&h=238&fm=jpg&auto=compress&fit=crop","price":"7.99","pricePer":"$0.99 / oz","purchaseUnit":"8 oz"},{"mainCategory":"Dairy","categoryName":"Butter & Cultured Dairy","subCategoryName":"Cream Cheese","title":"Scallion Horseradish Cream Cheese","producer":"Daily Driver","photoPath":"https://goodeggs4.imgix.net/6ad8afe6-c4e3-4044-981b-29d441838c9a.jpg?w=380&h=238&fm=jpg&auto=compress&fit=crop","price":"7.99","pricePer":"$0.99 / oz","purchaseUnit":"8 oz"},{"mainCategory":"Dairy","categoryName":"Butter & Cultured Dairy","subCategoryName":"Cream Cheese","title":"Dill Cream Cheese","producer":"Daily Driver","photoPath":"https://goodeggs4.imgix.net/a9ff5467-5834-435f-8b88-3ef038adc8b9.jpg?w=380&h=238&fm=jpg&auto=compress&fit=crop","price":"7.99","pricePer":"$0.99 / oz","purchaseUnit":"8 oz"},{"mainCategory":"Dairy","categoryName":"Butter & Cultured Dairy","subCategoryName":"Cream Cheese","title":"Veggie Cream Cheese","producer":"Daily Driver","photoPath":"https://goodeggs4.imgix.net/dbd65961-bf9d-4e4e-96ed-e1269f72792c.jpg?w=380&h=238&fm=jpg&auto=compress&fit=crop","price":"7.99","pricePer":"$0.99 / oz","purchaseUnit":"8 oz"},{"mainCategory":"Dairy","categoryName":"Butter & Cultured Dairy","subCategoryName":"Cream Cheese","title":"Organic Lactose Free Cream Cheese","producer":"Green Valley Organics","photoPath":"https://goodeggs4.imgix.net/e2e44bbb-2d3e-4e1c-824e-d0ce0e6eddb9.jpg?w=380&h=238&fm=jpg&auto=compress&fit=crop","price":"3.79","pricePer":"$0.47 / oz","purchaseUnit":"8 oz"},{"mainCategory":"Dairy","categoryName":"Butter & Cultured Dairy","subCategoryName":"Cream Cheese","title":"Sweet Alyssum","producer":"Garden Variety Cheese","photoPath":"https://goodeggs4.imgix.net/7a4404fa-0049-4661-a4be-ab6eb24208d4.jpg?w=380&h=238&fm=jpg&auto=compress&fit=crop","price":"7.49","pricePer":"$29.96 / lb","purchaseUnit":"4 oz"},{"mainCategory":"Dairy","categoryName":"Butter & Cultured Dairy","subCategoryName":"Cottage Cheese","title":"Organic Cottage Cheese","producer":"Clover Sonoma","photoPath":"https://goodeggs4.imgix.net/367b0a98-5a7c-411c-a117-ebf408cc4f3e.jpg?w=380&h=238&fm=jpg&auto=compress&fit=crop","price":"5.29","pricePer":"$0.33 / oz","purchaseUnit":"16 oz"},{"mainCategory":"Dairy","categoryName":"Butter & Cultured Dairy","subCategoryName":"Cottage Cheese","title":"Organic Low-Fat Classic Cottage Cheese","producer":"Good Culture","photoPath":"https://goodeggs4.imgix.net/4f087541-5392-4771-8707-4d82a184d9cb.jpg?w=380&h=238&fm=jpg&auto=compress&fit=crop","price":"5.49","pricePer":"$0.34 / oz","purchaseUnit":"16 oz"},{"mainCategory":"Dairy","categoryName":"Butter & Cultured Dairy","subCategoryName":"Cottage Cheese","title":"Organic Low Fat Cottage Cheese","producer":"Clover Sonoma","photoPath":"https://goodeggs4.imgix.net/89e792ed-5d11-4610-a877-adf1e3869b15.jpg?w=380&h=238&fm=jpg&auto=compress&fit=crop","price":"5.29","pricePer":"$0.33 / oz","purchaseUnit":"16 oz"},{"mainCategory":"Dairy","categoryName":"Butter & Cultured Dairy","subCategoryName":"Cottage Cheese","title":"Organic Clabbered Cottage Cheese","producer":"Cowgirl Creamery","photoPath":"https://goodeggs4.imgix.net/93e719cc-898c-4cb8-a5a7-387424d37e2f.jpg?w=380&h=238&fm=jpg&auto=compress&fit=crop","price":"3.49","pricePer":"$0.65 / oz","purchaseUnit":"5.3 oz"},{"mainCategory":"Dairy","categoryName":"Butter & Cultured Dairy","subCategoryName":"Cottage Cheese","title":"Organic Clabbered Cottage Cheese","producer":"Cowgirl Creamery","photoPath":"https://goodeggs4.imgix.net/54f7309c-27cb-4544-8ce5-4b47420efc72.jpg?w=380&h=238&fm=jpg&auto=compress&fit=crop","price":"6.99","pricePer":"$0.58 / oz","purchaseUnit":"12 oz"},{"mainCategory":"Dairy","categoryName":"Butter & Cultured Dairy","subCategoryName":"Cottage Cheese","title":"Organic Double Cream Classic Cottage Cheese","producer":"Good Culture","photoPath":"https://goodeggs4.imgix.net/72193565-df2d-4228-83ac-2bae6ce1ce22.jpg?w=380&h=238&fm=jpg&auto=compress&fit=crop","price":"5.49","pricePer":"$0.34 / oz","purchaseUnit":"16 oz"},{"mainCategory":"Dairy","categoryName":"Butter & Cultured Dairy","subCategoryName":"Cottage Cheese","title":"Whole Milk Classic Cottage Cheese","producer":"Good Culture","photoPath":"https://goodeggs4.imgix.net/caa53a66-7d58-4142-b1f1-c205dc3eecb7.jpg?w=380&h=238&fm=jpg&auto=compress&fit=crop","price":"1.99","pricePer":"$0.38 / oz","purchaseUnit":"5.3 oz"},{"mainCategory":"Dairy","categoryName":"Butter & Cultured Dairy","subCategoryName":"Non-Dairy Spreads","title":"Vegan Chive Cream Cheese Style Spread","producer":"Kite Hill","photoPath":"https://goodeggs4.imgix.net/0d4b97ec-e625-4239-afbb-aef1220ca903.jpg?w=380&h=238&fm=jpg&auto=compress&fit=crop","price":"6.99","pricePer":"$13.98 / lb","purchaseUnit":"8 oz"},{"mainCategory":"Dairy","categoryName":"Butter & Cultured Dairy","subCategoryName":"Non-Dairy Spreads","title":"Vegan Plain Cream Cheese Style Spread","producer":"Kite Hill","photoPath":"https://goodeggs4.imgix.net/1c9717a1-7959-4782-b3a4-098d10dd2828.jpg?w=380&h=238&fm=jpg&auto=compress&fit=crop","price":"6.99","pricePer":"$13.98 / lb","purchaseUnit":"8 oz"},{"mainCategory":"Dairy","categoryName":"Butter & Cultured Dairy","subCategoryName":"Non-Dairy Spreads","title":"European Style Cultured Vegan Butter","producer":"Miyoko's Kitchen","photoPath":"https://goodeggs4.imgix.net/57c6f6b2-5815-49c5-95b5-de09eba88a92.jpg?w=380&h=238&fm=jpg&auto=compress&fit=crop","price":"6.99","pricePer":"$13.98 / lb","purchaseUnit":"8 oz"},{"mainCategory":"Dairy","categoryName":"Butter & Cultured Dairy","subCategoryName":"Non-Dairy Spreads","title":"Organic Whipped Vegan Buttery Spread","producer":"Earth Balance","photoPath":"https://goodeggs4.imgix.net/13bd501e-5845-47ce-bb6d-c1729d751f53.jpg?w=380&h=238&fm=jpg&auto=compress&fit=crop","price":"4.99","pricePer":"$6.14 / lb","purchaseUnit":"13 oz"},{"mainCategory":"Dairy","categoryName":"Butter & Cultured Dairy","subCategoryName":"Non-Dairy Spreads","title":"Original Vegan Buttery Spread","producer":"Earth Balance","photoPath":"https://goodeggs4.imgix.net/6a089c3d-6819-4d75-9af8-765e7cf72644.jpg?w=380&h=238&fm=jpg&auto=compress&fit=crop","price":"4.99","pricePer":"$5.32 / lb","purchaseUnit":"15 oz"},{"mainCategory":"Dairy","categoryName":"Butter & Cultured Dairy","subCategoryName":"Non-Dairy Spreads","title":"Vegan Buttery Sticks","producer":"Earth Balance","photoPath":"https://goodeggs4.imgix.net/eb4b4a42-5921-4410-86f5-d123e71eb972.jpg?w=380&h=238&fm=jpg&auto=compress&fit=crop","price":"4.99","pricePer":"$4.99 / lb","purchaseUnit":"16 oz"},{"mainCategory":"Dairy","categoryName":"Butter & Cultured Dairy","subCategoryName":"Non-Dairy Spreads","title":"Plant-Based Ranch Dip","producer":"Kite Hill","photoPath":"https://goodeggs4.imgix.net/49086dcb-28a9-47ab-938b-0c05dec3eaa5.jpg?w=380&h=238&fm=jpg&auto=compress&fit=crop","price":"3.79","pricePer":"$7.58 / lb","purchaseUnit":"8 oz"},{"mainCategory":"Dairy","categoryName":"Butter & Cultured Dairy","subCategoryName":"Non-Dairy Spreads","title":"Plant-Based French Onion Dip","producer":"Kite Hill","photoPath":"https://goodeggs4.imgix.net/45b7c233-7a10-4e74-bc9e-50f8216e0ab1.jpg?w=380&h=238&fm=jpg&auto=compress&fit=crop","price":"3.79","pricePer":"$7.58 / lb","purchaseUnit":"8 oz"},{"mainCategory":"Dairy","categoryName":"Cheese","subCategoryName":"Snack Cheese","title":"Organic Mozzarella String Cheese","producer":"Organic Valley","photoPath":"https://goodeggs4.imgix.net/cdbe683f-40db-4db3-901b-6b84f12585ae.jpg?w=380&h=238&fm=jpg&auto=compress&fit=crop","price":"4.99","pricePer":"$0.83 / oz","purchaseUnit":"6 count"},{"mainCategory":"Dairy","categoryName":"Cheese","subCategoryName":"Snack Cheese","title":"Organic Cheddar Cheese Bites","producer":"Rumiano Cheese Company","photoPath":"https://goodeggs4.imgix.net/a18b4cb4-2c27-49b0-b6b4-21c5f10a3e91.jpg?w=380&h=238&fm=jpg&auto=compress&fit=crop","price":"3.99","pricePer":"$10.64 / lb","purchaseUnit":"6 oz"},{"mainCategory":"Dairy","categoryName":"Cheese","subCategoryName":"Snack Cheese","title":"Pimento Cheese","producer":"Sweet Grass Dairy","photoPath":"https://goodeggs4.imgix.net/033c0b9a-4faa-499e-988d-c9eb2f3d8035.jpg?w=380&h=238&fm=jpg&auto=compress&fit=crop","price":"7.99","pricePer":null,"purchaseUnit":"6 oz"},{"mainCategory":"Dairy","categoryName":"Cheese","subCategoryName":"Snack Cheese","title":"Organic Garlic Fresh Curds","producer":"Spring Hill Jersey Cheese","photoPath":"https://goodeggs4.imgix.net/e18cb01d-ff34-4b92-a999-3c61d4aabaef.jpg?w=380&h=238&fm=jpg&auto=compress&fit=crop","price":"6.39","pricePer":"$12.78 / lb","purchaseUnit":"8 oz"},{"mainCategory":"Dairy","categoryName":"Cheese","subCategoryName":"Sliced & Shredded","title":"Organic Sliced Sharp Cheddar","producer":"Rumiano Cheese Company","photoPath":"https://goodeggs4.imgix.net/3cfd6e42-4bb1-4c0b-a5bd-6485e6e3c4d7.jpg?w=380&h=238&fm=jpg&auto=compress&fit=crop","price":"3.79","pricePer":"$10.10 / lb","purchaseUnit":"6 oz"},{"mainCategory":"Dairy","categoryName":"Cheese","subCategoryName":"Sliced & Shredded","title":"Organic Shredded Sharp Cheddar Cheese","producer":"Organic Valley","photoPath":"https://goodeggs4.imgix.net/bb3ba165-364b-4db5-a822-e7bc2ce0417d.jpg?w=380&h=238&fm=jpg&auto=compress&fit=crop","price":"4.49","pricePer":"$0.74 / oz","purchaseUnit":"6 oz"},{"mainCategory":"Dairy","categoryName":"Cheese","subCategoryName":"Sliced & Shredded","title":"Organic Shredded Sharp Cheddar","producer":"Rumiano Cheese Company","photoPath":"https://goodeggs4.imgix.net/26c77a78-f4b6-4b72-b992-b8044800237e.jpg?w=380&h=238&fm=jpg&auto=compress&fit=crop","price":"3.99","pricePer":"$10.64 / lb","purchaseUnit":"6 oz"},{"mainCategory":"Dairy","categoryName":"Cheese","subCategoryName":"Sliced & Shredded","title":"Organic Sliced Mild Cheddar","producer":"Rumiano Cheese Company","photoPath":"https://goodeggs4.imgix.net/e9272dc6-4785-4b5c-a0cb-b624e1f254a6.jpg?w=380&h=238&fm=jpg&auto=compress&fit=crop","price":"3.79","pricePer":"$10.10 / lb","purchaseUnit":"6 oz"},{"mainCategory":"Dairy","categoryName":"Cheese","subCategoryName":"Sliced & Shredded","title":"Organic Shredded Pepper Jack Cheese Blend","producer":"Rumiano Cheese Company","photoPath":"https://goodeggs4.imgix.net/4a5e63b4-41da-44b7-b42b-9bd9f2c19e52.jpg?w=380&h=238&fm=jpg&auto=compress&fit=crop","price":"3.99","pricePer":"$10.64 / lb","purchaseUnit":"6 oz"},{"mainCategory":"Dairy","categoryName":"Cheese","subCategoryName":"Sliced & Shredded","title":"Raw Shredded Cheddar","producer":"Organic Pastures Dairy Company","photoPath":"https://goodeggs4.imgix.net/95e33408-1a8c-4fcf-8973-bea2842b42fc.jpg?w=380&h=238&fm=jpg&auto=compress&fit=crop","price":"7.99","pricePer":"$15.98 / lb","purchaseUnit":"8 oz"},{"mainCategory":"Dairy","categoryName":"Cheese","subCategoryName":"Sliced & Shredded","title":"Shredded Jack Cheese","producer":"Healthy Food Inc. Kitchen","photoPath":"https://goodeggs4.imgix.net/7bfcd153-861a-4e29-9080-b95806c2bdaf.jpg?w=380&h=238&fm=jpg&auto=compress&fit=crop","price":"4.99","pricePer":"$15.96 / lb","purchaseUnit":"5 oz"},{"mainCategory":"Dairy","categoryName":"Cheese","subCategoryName":"Sliced & Shredded","title":"Organic Shredded Mozzarella Cheese","producer":"Organic Valley","photoPath":"https://goodeggs4.imgix.net/a96e4fd0-756a-470f-b8d2-2d19bd1a3425.jpg?w=380&h=238&fm=jpg&auto=compress&fit=crop","price":"4.99","pricePer":"$0.83 / oz","purchaseUnit":"6 oz"},{"mainCategory":"Dairy","categoryName":"Cheese","subCategoryName":"Sliced & Shredded","title":"Organic Shredded Mozzarella","producer":"Rumiano Cheese Company","photoPath":"https://goodeggs4.imgix.net/0a2abbf0-006f-421c-9d90-519319081502.jpg?w=380&h=238&fm=jpg&auto=compress&fit=crop","price":"3.99","pricePer":"$10.64 / lb","purchaseUnit":"6 oz"},{"mainCategory":"Dairy","categoryName":"Cheese","subCategoryName":"Sliced & Shredded","title":"Organic Sliced Provolone Cheese","producer":"Organic Valley","photoPath":"https://goodeggs4.imgix.net/31635c3a-5579-4e95-abe0-e499a824e0b0.jpg?w=380&h=238&fm=jpg&auto=compress&fit=crop","price":"4.99","pricePer":"$0.83 / oz","purchaseUnit":"6 oz"},{"mainCategory":"Dairy","categoryName":"Cheese","subCategoryName":"Sliced & Shredded","title":"Organic Sliced Muenster Cheese","producer":"Organic Valley","photoPath":"https://goodeggs4.imgix.net/f60cf328-3f4c-4ed2-9175-abbbdea6c43f.jpg?w=380&h=238&fm=jpg&auto=compress&fit=crop","price":"5.49","pricePer":"$0.91 / oz","purchaseUnit":"6 oz"},{"mainCategory":"Dairy","categoryName":"Cheese","subCategoryName":"Sliced & Shredded","title":"Organic Sliced Mozzarella","producer":"Rumiano Cheese Company","photoPath":"https://goodeggs4.imgix.net/44b8bb8b-cffe-47e1-b57d-eaef411ee8a0.jpg?w=380&h=238&fm=jpg&auto=compress&fit=crop","price":"3.79","pricePer":"$10.10 / lb","purchaseUnit":"6 oz"},{"mainCategory":"Dairy","categoryName":"Cheese","subCategoryName":"Sliced & Shredded","title":"Grated Parmesan","producer":"Marin Cheese Co.","photoPath":"https://goodeggs4.imgix.net/1e441dc2-0465-458b-8f12-5588db0ad594.jpg?w=380&h=238&fm=jpg&auto=compress&fit=crop","price":"5.99","pricePer":"$0.74 / oz","purchaseUnit":"8 oz"},{"mainCategory":"Dairy","categoryName":"Cheese","subCategoryName":"Sliced & Shredded","title":"Organic Shredded Parmesan","producer":"Marin Cheese Co.","photoPath":"https://goodeggs4.imgix.net/b280c9ab-8701-44b6-a8b1-e1c719af6412.jpg?w=380&h=238&fm=jpg&auto=compress&fit=crop","price":"5.99","pricePer":"$1.19 / oz","purchaseUnit":"5 oz"},{"mainCategory":"Dairy","categoryName":"Cheese","subCategoryName":"Sliced & Shredded","title":"Grated Pecorino Romano","producer":"Marin Cheese Co.","photoPath":"https://goodeggs4.imgix.net/06b3b271-a891-4d7f-8d7f-02038e070f48.jpg?w=380&h=238&fm=jpg&auto=compress&fit=crop","price":"6.99","pricePer":"$0.87 / oz","purchaseUnit":"8 oz"},{"mainCategory":"Dairy","categoryName":"Cheese","subCategoryName":"Sliced & Shredded","title":"Shredded Asiago","producer":"Marin Cheese Co.","photoPath":"https://goodeggs4.imgix.net/ebc9b56f-aafd-40ef-8fcc-23dfa28c9e1e.jpg?w=380&h=238&fm=jpg&auto=compress&fit=crop","price":"3.99","pricePer":"$0.79 / oz","purchaseUnit":"5 oz"},{"mainCategory":"Dairy","categoryName":"Cheese","subCategoryName":"Sliced & Shredded","title":"Shredded Romano","producer":"Marin Cheese Co.","photoPath":"https://goodeggs4.imgix.net/6e0a22bf-a24d-4d7f-ab7f-fa9f566f5672.jpg?w=380&h=238&fm=jpg&auto=compress&fit=crop","price":"3.99","pricePer":"$0.79 / oz","purchaseUnit":"5 oz"},{"mainCategory":"Dairy","categoryName":"Cheese","subCategoryName":"Sliced & Shredded","title":"Organic Sliced Medium Cheddar","producer":"Rumiano Cheese Company","photoPath":"https://goodeggs4.imgix.net/6dba46b2-e3e1-49f8-85d4-447515ac1a2c.jpg?w=380&h=238&fm=jpg&auto=compress&fit=crop","price":"3.79","pricePer":"$10.10 / lb","purchaseUnit":"6 oz"},{"mainCategory":"Dairy","categoryName":"Cheese","subCategoryName":"Sliced & Shredded","title":"Organic Sliced Pepper Jack","producer":"Rumiano Cheese Company","photoPath":"https://goodeggs4.imgix.net/c603e512-4f61-4dfc-bc7b-e526c685d209.jpg?w=380&h=238&fm=jpg&auto=compress&fit=crop","price":"3.79","pricePer":"$10.10 / lb","purchaseUnit":"6 oz"},{"mainCategory":"Dairy","categoryName":"Cheese","subCategoryName":"Sliced & Shredded","title":"Organic Sliced Monterey Jack","producer":"Rumiano Cheese Company","photoPath":"https://goodeggs4.imgix.net/fe05b350-9a08-4e4c-bbe6-d47057376d90.jpg?w=380&h=238&fm=jpg&auto=compress&fit=crop","price":"3.79","pricePer":"$10.10 / lb","purchaseUnit":"6 oz"},{"mainCategory":"Dairy","categoryName":"Cheese","subCategoryName":"Sliced & Shredded","title":"Sliced Provolone","producer":"Rumiano Cheese Company","photoPath":"https://goodeggs4.imgix.net/fadb8671-82dd-44a5-b7e9-cb6f881a549b.jpg?w=380&h=238&fm=jpg&auto=compress&fit=crop","price":"3.79","pricePer":"$7.58 / lb","purchaseUnit":"8 oz"},{"mainCategory":"Dairy","categoryName":"Cheese","subCategoryName":"Sliced & Shredded","title":"Grated Parmigiano Reggiano","producer":"Healthy Food Inc. Cheese Shop","photoPath":"https://goodeggs4.imgix.net/2a6be87a-039d-4b7a-a0aa-68ece431192e.jpg?w=380&h=238&fm=jpg&auto=compress&fit=crop","price":"5.99","pricePer":"$19.16 / lb","purchaseUnit":"5 oz"},{"mainCategory":"Dairy","categoryName":"Cheese","subCategoryName":"Sliced & Shredded","title":"Grated Ricotta Salata","producer":"Healthy Food Inc. Cheese Shop","photoPath":"https://goodeggs4.imgix.net/4d44971c-6811-459d-80aa-c7e4c9b22b4d.jpg?w=380&h=238&fm=jpg&auto=compress&fit=crop","price":"4.99","pricePer":"$13.30 / lb","purchaseUnit":"6 oz"},{"mainCategory":"Dairy","categoryName":"Cheese","subCategoryName":"Sliced & Shredded","title":"Grated Pecorino Romano","producer":"Healthy Food Inc. Cheese Shop","photoPath":"https://goodeggs4.imgix.net/98f76188-58ce-4858-a2ca-8b7a1e0b5fa7.jpg?w=380&h=238&fm=jpg&auto=compress&fit=crop","price":"6.99","pricePer":"$18.64 / lb","purchaseUnit":"6 oz"},{"mainCategory":"Dairy","categoryName":"Cheese","subCategoryName":"Feta & Fresh Cheese","title":"Burrata","producer":"Belfiore","photoPath":"https://goodeggs4.imgix.net/42018ee7-7979-44b5-a6fc-e8c4567569d9.jpg?w=380&h=238&fm=jpg&auto=compress&fit=crop","price":"6.99","pricePer":"$13.98 / lb","purchaseUnit":"8 oz"},{"mainCategory":"Dairy","categoryName":"Cheese","subCategoryName":"Feta & Fresh Cheese","title":"Jersey Cow's Milk Ricotta","producer":"Bellwether Farms","photoPath":"https://goodeggs4.imgix.net/4a48134d-36df-49ea-8e48-5250c2f9a440.jpg?w=380&h=238&fm=jpg&auto=compress&fit=crop","price":"6.99","pricePer":"$9.32 / lb","purchaseUnit":"12 oz"},{"mainCategory":"Dairy","categoryName":"Cheese","subCategoryName":"Feta & Fresh Cheese","title":"Ricotta","producer":"Belfiore","photoPath":"https://goodeggs4.imgix.net/9694a066-f10e-40ca-b6e9-d445490b784f.jpg?w=380&h=238&fm=jpg&auto=compress&fit=crop","price":"4.99","pricePer":"$4.99 / lb","purchaseUnit":"16 oz"},{"mainCategory":"Dairy","categoryName":"Cheese","subCategoryName":"Feta & Fresh Cheese","title":"Organic Crème Fraîche","producer":"Cowgirl Creamery","photoPath":"https://goodeggs4.imgix.net/5162b15a-167e-42e9-8697-be546afb8c5e.jpg?w=380&h=238&fm=jpg&auto=compress&fit=crop","price":"3.99","pricePer":"$0.75 / oz","purchaseUnit":"5.3 oz"},{"mainCategory":"Dairy","categoryName":"Cheese","subCategoryName":"Feta & Fresh Cheese","title":"Crème Fraîche","producer":"Bellwether Farms","photoPath":"https://goodeggs4.imgix.net/ce2874c4-6bb4-4857-82f4-77b456444bc7.jpg?w=380&h=238&fm=jpg&auto=compress&fit=crop","price":"5.49","pricePer":"$0.73 / oz","purchaseUnit":"7.5 oz"},{"mainCategory":"Dairy","categoryName":"Cheese","subCategoryName":"Feta & Fresh Cheese","title":"Feta","producer":"Healthy Food Inc. Kitchen","photoPath":"https://goodeggs4.imgix.net/13f055e1-a84f-4f90-a118-8fac87de1627.jpg?w=380&h=238&fm=jpg&auto=compress&fit=crop","price":"4.99","pricePer":"$22.81 / lb","purchaseUnit":"3.5 oz"},{"mainCategory":"Dairy","categoryName":"Cheese","subCategoryName":"Feta & Fresh Cheese","title":"Original Sea Salt Paneer","producer":"Sach Foods","photoPath":"https://goodeggs4.imgix.net/033e84eb-d354-4dfa-a802-6e7291c3f6cc.jpeg?w=380&h=238&fm=jpg&auto=compress&fit=crop","price":"7.99","pricePer":"$21.30 / lb","purchaseUnit":"6 oz"},{"mainCategory":"Dairy","categoryName":"Cheese","subCategoryName":"Feta & Fresh Cheese","title":"Spicy Habanero Paneer","producer":"Sach Foods","photoPath":"https://goodeggs4.imgix.net/828d3d27-f50d-4089-aa3c-67be8d406e1c.jpeg?w=380&h=238&fm=jpg&auto=compress&fit=crop","price":"7.99","pricePer":"$21.30 / lb","purchaseUnit":"6 oz"},{"mainCategory":"Dairy","categoryName":"Cheese","subCategoryName":"Feta & Fresh Cheese","title":"Turmeric Twist Paneer","producer":"Sach Foods","photoPath":"https://goodeggs4.imgix.net/216b3af5-e01f-4238-9ca0-77f75e1e4231.jpeg?w=380&h=238&fm=jpg&auto=compress&fit=crop","price":"7.99","pricePer":"$21.30 / lb","purchaseUnit":"6 oz"},{"mainCategory":"Dairy","categoryName":"Cheese","subCategoryName":"Feta & Fresh Cheese","title":"Cosmos","producer":"Garden Variety Cheese","photoPath":"https://goodeggs4.imgix.net/8a00170c-9426-4364-ab49-9d90680cc0a3.jpg?w=380&h=238&fm=jpg&auto=compress&fit=crop","price":"9.49","pricePer":"$37.96 / lb","purchaseUnit":"4 oz"},{"mainCategory":"Dairy","categoryName":"Cheese","subCategoryName":"Feta & Fresh Cheese","title":"Organic Clabbered Cottage Cheese","producer":"Cowgirl Creamery","photoPath":"https://goodeggs4.imgix.net/93e719cc-898c-4cb8-a5a7-387424d37e2f.jpg?w=380&h=238&fm=jpg&auto=compress&fit=crop","price":"3.49","pricePer":"$0.65 / oz","purchaseUnit":"5.3 oz"},{"mainCategory":"Dairy","categoryName":"Cheese","subCategoryName":"Feta & Fresh Cheese","title":"Ricotta Salata","producer":"Healthy Food Inc. Cheese Shop","photoPath":"https://goodeggs4.imgix.net/2bdfc214-6016-4429-8727-b087bc8f0c46.jpg?w=380&h=238&fm=jpg&auto=compress&fit=crop","price":"4.99","pricePer":"$13.30 / lb","purchaseUnit":"6 oz"},{"mainCategory":"Dairy","categoryName":"Cheese","subCategoryName":"Feta & Fresh Cheese","title":"Grated Ricotta Salata","producer":"Healthy Food Inc. Cheese Shop","photoPath":"https://goodeggs4.imgix.net/4d44971c-6811-459d-80aa-c7e4c9b22b4d.jpg?w=380&h=238&fm=jpg&auto=compress&fit=crop","price":"4.99","pricePer":"$13.30 / lb","purchaseUnit":"6 oz"},{"mainCategory":"Dairy","categoryName":"Cheese","subCategoryName":"Cheddar & Jack Cheese","title":"Hook's 5 Year Aged Cheddar","producer":"Healthy Food Inc. Cheese Shop","photoPath":"https://goodeggs4.imgix.net/a870f2c5-4bd2-44eb-a795-8357937f9e40.jpg?w=380&h=238&fm=jpg&auto=compress&fit=crop","price":"6.99","pricePer":"$18.64 / lb","purchaseUnit":"6 oz"},{"mainCategory":"Dairy","categoryName":"Cheese","subCategoryName":"Cheddar & Jack Cheese","title":"Organic Sharp Cheddar","producer":"Rumiano Cheese Company","photoPath":"https://goodeggs4.imgix.net/07e2daeb-0eb8-46e0-9567-f71f3ea73a63.jpg?w=380&h=238&fm=jpg&auto=compress&fit=crop","price":"4.29","pricePer":"$8.58 / lb","purchaseUnit":"8 oz"},{"mainCategory":"Dairy","categoryName":"Cheese","subCategoryName":"Cheddar & Jack Cheese","title":"Organic Sharp White Cheddar","producer":"Spring Hill Jersey Cheese","photoPath":"https://goodeggs4.imgix.net/b60a08e5-2a16-4955-aefe-cb5b7158eb3f.jpg?w=380&h=238&fm=jpg&auto=compress&fit=crop","price":"6.99","pricePer":"$13.98 / lb","purchaseUnit":"8 oz"},{"mainCategory":"Dairy","categoryName":"Cheese","subCategoryName":"Cheddar & Jack Cheese","title":"Organic Medium Cheddar","producer":"Rumiano Cheese Company","photoPath":"https://goodeggs4.imgix.net/1a5d52df-7d36-4b43-b5a2-1a50c2477814.jpg?w=380&h=238&fm=jpg&auto=compress&fit=crop","price":"4.29","pricePer":"$8.58 / lb","purchaseUnit":"8 oz"},{"mainCategory":"Dairy","categoryName":"Cheese","subCategoryName":"Cheddar & Jack Cheese","title":"Cave Aged Vermont Cheddar","producer":"Jasper Hill Farms","photoPath":"https://goodeggs4.imgix.net/499992a9-aa51-4b9a-b431-ecb69f9223c9.jpg?w=380&h=238&fm=jpg&auto=compress&fit=crop","price":"7.49","pricePer":"$18.43 / lb","purchaseUnit":"6.5 oz"},{"mainCategory":"Dairy","categoryName":"Cheese","subCategoryName":"Cheddar & Jack Cheese","title":"Raw Cheddar Cheese","producer":"Organic Pastures Dairy Company","photoPath":"https://goodeggs4.imgix.net/96252886-9175-430e-8d83-e11ac48f942d.jpg?w=380&h=238&fm=jpg&auto=compress&fit=crop","price":"8.49","pricePer":"$16.98 / lb","purchaseUnit":"8 oz"},{"mainCategory":"Dairy","categoryName":"Cheese","subCategoryName":"Cheddar & Jack Cheese","title":"Graziers Raw Milk White Sharp Cheddar","producer":"Sierra Nevada Cheese","photoPath":"https://goodeggs4.imgix.net/e3f83d38-fcd0-43d2-b2cc-d2f5abae6b40.jpg?w=380&h=238&fm=jpg&auto=compress&fit=crop","price":"4.99","pricePer":"$9.98 / lb","purchaseUnit":"8 oz"},{"mainCategory":"Dairy","categoryName":"Cheese","subCategoryName":"Cheddar & Jack Cheese","title":"Bandage Wrapped Cheddar","producer":"Fiscalini Cheese Co.","photoPath":"https://goodeggs4.imgix.net/ed0a7879-e841-4942-9f6b-8a993cc3547e.jpg?w=380&h=238&fm=jpg&auto=compress&fit=crop","price":"6.99","pricePer":"$22.36 / lb","purchaseUnit":"5 oz"},{"mainCategory":"Dairy","categoryName":"Cheese","subCategoryName":"Cheddar & Jack Cheese","title":"Quicke's Mature Cheddar","producer":"Healthy Food Inc. Cheese Shop","photoPath":"https://goodeggs4.imgix.net/ba725d33-6450-4d32-9a19-52fbc66ceb51.jpg?w=380&h=238&fm=jpg&auto=compress&fit=crop","price":"9.99","pricePer":"$26.64 / lb","purchaseUnit":"6 oz"},{"mainCategory":"Dairy","categoryName":"Cheese","subCategoryName":"Cheddar & Jack Cheese","title":"Paso Vino","producer":"Stepladder Creamery","photoPath":"https://goodeggs4.imgix.net/4c983a52-20f3-45e9-a4ec-d97055af57d4.jpg?w=380&h=238&fm=jpg&auto=compress&fit=crop","price":"6.99","pricePer":"$27.96 / lb","purchaseUnit":"4 oz"},{"mainCategory":"Dairy","categoryName":"Cheese","subCategoryName":"Cheddar & Jack Cheese","title":"Graziers Raw Milk White Medium Cheddar","producer":"Sierra Nevada Cheese","photoPath":"https://goodeggs4.imgix.net/279910af-3a75-4a5a-96f8-413a7f75811d.jpg?w=380&h=238&fm=jpg&auto=compress&fit=crop","price":"4.99","pricePer":"$9.98 / lb","purchaseUnit":"8 oz"},{"mainCategory":"Dairy","categoryName":"Cheese","subCategoryName":"Cheddar & Jack Cheese","title":"Paso Vino","producer":"Stepladder Creamery","photoPath":"https://goodeggs4.imgix.net/4c983a52-20f3-45e9-a4ec-d97055af57d4.jpg?w=380&h=238&fm=jpg&auto=compress&fit=crop","price":"13.99","pricePer":"$27.98 / lb","purchaseUnit":"8 oz"},{"mainCategory":"Dairy","categoryName":"Cheese","subCategoryName":"Cheddar & Jack Cheese","title":"Uplands Cheese Pleasant Ridge Reserve","producer":"Healthy Food Inc. Cheese Shop","photoPath":"https://goodeggs4.imgix.net/37a7906a-ee40-4a00-8543-a1c6029c2d19.jpg?w=380&h=238&fm=jpg&auto=compress&fit=crop","price":"12.99","pricePer":"$34.64 / lb","purchaseUnit":"6 oz"},{"mainCategory":"Dairy","categoryName":"Cheese","subCategoryName":"Cheddar & Jack Cheese","title":"Graziers Raw Milk Jalapeño Jack","producer":"Sierra Nevada Cheese","photoPath":"https://goodeggs4.imgix.net/66e52fb1-6803-4985-aaa7-185c12be9cfa.jpg?w=380&h=238&fm=jpg&auto=compress&fit=crop","price":"4.99","pricePer":"$9.98 / lb","purchaseUnit":"8 oz"},{"mainCategory":"Dairy","categoryName":"Cheese","subCategoryName":"Cheddar & Jack Cheese","title":"Graziers Raw Milk Monterey Jack","producer":"Sierra Nevada Cheese","photoPath":"https://goodeggs4.imgix.net/6c46cd20-dda6-4b43-ab72-3b4720751d3b.jpg?w=380&h=238&fm=jpg&auto=compress&fit=crop","price":"4.99","pricePer":"$9.98 / lb","purchaseUnit":"8 oz"},{"mainCategory":"Dairy","categoryName":"Cheese","subCategoryName":"Hard Cheese","title":"Parmigiano Reggiano","producer":"Healthy Food Inc. Cheese Shop","photoPath":"https://goodeggs4.imgix.net/d6a354ff-37a7-43d5-aab3-b1ea2efbd3f6.jpg?w=380&h=238&fm=jpg&auto=compress&fit=crop","price":"8.99","pricePer":"$23.97 / lb","purchaseUnit":"6 oz"},{"mainCategory":"Dairy","categoryName":"Cheese","subCategoryName":"Hard Cheese","title":"Grated Parmesan","producer":"Healthy Food Inc. Kitchen","photoPath":"https://goodeggs4.imgix.net/c69ba919-a25d-45be-aa61-8d8ce6624b08.jpg?w=380&h=238&fm=jpg&auto=compress&fit=crop","price":"3.99","pricePer":"$1.99 / oz","purchaseUnit":"2 oz"},{"mainCategory":"Dairy","categoryName":"Cheese","subCategoryName":"Hard Cheese","title":"Parmesan Rind","producer":"Healthy Food Inc. Kitchen","photoPath":"https://goodeggs4.imgix.net/ca0edf7d-b82f-43d7-961f-dbf2f58b1c03.jpg?w=380&h=238&fm=jpg&auto=compress&fit=crop","price":"2.29","pricePer":"$1.14 / oz","purchaseUnit":"2 oz"},{"mainCategory":"Dairy","categoryName":"Cheese","subCategoryName":"Hard Cheese","title":"Farmstead Toma Wedge","producer":"Point Reyes Farmstead","photoPath":"https://goodeggs4.imgix.net/d17fa871-bfd9-4e40-aef5-3286b8baa07d.jpg?w=380&h=238&fm=jpg&auto=compress&fit=crop","price":"6.99","pricePer":"$18.64 / lb","purchaseUnit":"6 oz"},{"mainCategory":"Dairy","categoryName":"Cheese","subCategoryName":"Hard Cheese","title":"Ossau Iraty","producer":"Healthy Food Inc. Cheese Shop","photoPath":"https://goodeggs4.imgix.net/c554dff5-b67b-4f22-9362-272066bc18e8.jpg?w=380&h=238&fm=jpg&auto=compress&fit=crop","price":"7.99","pricePer":"$31.96 / lb","purchaseUnit":"4 oz"},{"mainCategory":"Dairy","categoryName":"Cheese","subCategoryName":"Hard Cheese","title":"Pecorino Romano","producer":"Healthy Food Inc. Cheese Shop","photoPath":"https://goodeggs4.imgix.net/9b942645-7f8d-4586-8fb6-71fc16194081.jpg?w=380&h=238&fm=jpg&auto=compress&fit=crop","price":"7.99","pricePer":"$21.30 / lb","purchaseUnit":"6 oz"},{"mainCategory":"Dairy","categoryName":"Cheese","subCategoryName":"Hard Cheese","title":"Beemster XO Gouda","producer":"Healthy Food Inc. Cheese Shop","photoPath":"https://goodeggs4.imgix.net/1e7cd0b7-092c-4307-a011-608005e24d1f.jpg?w=380&h=238&fm=jpg&auto=compress&fit=crop","price":"8.99","pricePer":"$23.97 / lb","purchaseUnit":"6 oz"},{"mainCategory":"Dairy","categoryName":"Cheese","subCategoryName":"Hard Cheese","title":"Aged Gouda","producer":"Oakdale Cheese","photoPath":"https://goodeggs4.imgix.net/0e8d5676-9c5f-4bdc-a49e-d4e31376dce6.jpg?w=380&h=238&fm=jpg&auto=compress&fit=crop","price":"9.99","pricePer":"$1.24 / oz","purchaseUnit":"8 oz"},{"mainCategory":"Dairy","categoryName":"Cheese","subCategoryName":"Hard Cheese","title":"Young Gouda","producer":"Oakdale Cheese","photoPath":"https://goodeggs4.imgix.net/22bec051-6068-4dcf-ad7f-0deeafa5af8c.jpg?w=380&h=238&fm=jpg&auto=compress&fit=crop","price":"7.99","pricePer":"$0.99 / oz","purchaseUnit":"1 count"},{"mainCategory":"Dairy","categoryName":"Cheese","subCategoryName":"Hard Cheese","title":"Carmody","producer":"Bellwether Farms","photoPath":"https://goodeggs4.imgix.net/17442082-213a-4f1f-9ea5-4f3b30983b49.jpg?w=380&h=238&fm=jpg&auto=compress&fit=crop","price":"8.99","pricePer":"$20.54 / lb","purchaseUnit":"7 oz"},{"mainCategory":"Dairy","categoryName":"Cheese","subCategoryName":"Hard Cheese","title":"Cabrillo","producer":"Stepladder Creamery","photoPath":"https://goodeggs4.imgix.net/aca00a9d-f847-40a0-ac5d-de5f9fafe3ff.jpg?w=380&h=238&fm=jpg&auto=compress&fit=crop","price":"6.99","pricePer":"$27.96 / lb","purchaseUnit":"4 oz"},{"mainCategory":"Dairy","categoryName":"Cheese","subCategoryName":"Hard Cheese","title":"Cabrillo","producer":"Stepladder Creamery","photoPath":"https://goodeggs4.imgix.net/aca00a9d-f847-40a0-ac5d-de5f9fafe3ff.jpg?w=380&h=238&fm=jpg&auto=compress&fit=crop","price":"13.99","pricePer":"$27.98 / lb","purchaseUnit":"8 oz"},{"mainCategory":"Dairy","categoryName":"Cheese","subCategoryName":"Hard Cheese","title":"Black Eyed Susan","producer":"Garden Variety Cheese","photoPath":"https://goodeggs4.imgix.net/909ecfcf-099f-47cf-abb8-e295d852c6c4.jpg?w=380&h=238&fm=jpg&auto=compress&fit=crop","price":"9.79","pricePer":"$39.16 / lb","purchaseUnit":"4 oz"},{"mainCategory":"Dairy","categoryName":"Cheese","subCategoryName":"Hard Cheese","title":"12 Month Aged Manchego","producer":"Healthy Food Inc. Cheese Shop","photoPath":"https://goodeggs4.imgix.net/abe28c37-8001-4d58-8279-d4a8a1e7b722.jpg?w=380&h=238&fm=jpg&auto=compress&fit=crop","price":"9.99","pricePer":"$26.64 / lb","purchaseUnit":"6 oz"},{"mainCategory":"Dairy","categoryName":"Cheese","subCategoryName":"Alpine & Nutty Cheese","title":"1655 Gruyere","producer":"Healthy Food Inc. Cheese Shop","photoPath":"https://goodeggs4.imgix.net/a7b78a7d-567f-421c-ac7a-29d515473d91.jpg?w=380&h=238&fm=jpg&auto=compress&fit=crop","price":"9.99","pricePer":"$26.64 / lb","purchaseUnit":"6 oz"},{"mainCategory":"Dairy","categoryName":"Cheese","subCategoryName":"Alpine & Nutty Cheese","title":"Emmi Roth Emmentaler","producer":"Healthy Food Inc. Cheese Shop","photoPath":"https://goodeggs4.imgix.net/d02a8101-ac36-4379-8a26-1d5c8e42dc77.jpg?w=380&h=238&fm=jpg&auto=compress&fit=crop","price":"7.99","pricePer":"$15.98 / lb","purchaseUnit":"8 oz"},{"mainCategory":"Dairy","categoryName":"Cheese","subCategoryName":"Alpine & Nutty Cheese","title":"Pascal Beillevaire Comté","producer":"Healthy Food Inc. Cheese Shop","photoPath":"https://goodeggs4.imgix.net/43e4c3c2-1aec-4fdf-bccc-396f1f82ff30.jpg?w=380&h=238&fm=jpg&auto=compress&fit=crop","price":"11.99","pricePer":"$31.97 / lb","purchaseUnit":"6 oz"},{"mainCategory":"Dairy","categoryName":"Cheese","subCategoryName":"Alpine & Nutty Cheese","title":"Emmentaler","producer":"Emmi Roth","photoPath":"https://goodeggs4.imgix.net/7e4aab87-927c-4c8f-b61c-a66858d50942.jpg?w=380&h=238&fm=jpg&auto=compress&fit=crop","price":"5.49","pricePer":"$14.64 / lb","purchaseUnit":"6 oz"},{"mainCategory":"Dairy","categoryName":"Cheese","subCategoryName":"Alpine & Nutty Cheese","title":"Pascal Beillevaire Raclette","producer":"Healthy Food Inc. Cheese Shop","photoPath":"https://goodeggs4.imgix.net/27ef403c-4523-49f2-be36-cb70330beb35.jpg?w=380&h=238&fm=jpg&auto=compress&fit=crop","price":"6.99","pricePer":"$18.64 / lb","purchaseUnit":"6 oz"},{"mainCategory":"Dairy","categoryName":"Cheese","subCategoryName":"Alpine & Nutty Cheese","title":"Grand Cru Wedge","producer":"Emmi Roth","photoPath":"https://goodeggs4.imgix.net/31603d26-114f-4c61-8ead-82f3a19cbfa8.jpg?w=380&h=238&fm=jpg&auto=compress&fit=crop","price":"5.49","pricePer":"$14.64 / lb","purchaseUnit":"6 oz"},{"mainCategory":"Dairy","categoryName":"Cheese","subCategoryName":"Alpine & Nutty Cheese","title":"Gruyère","producer":"Emmi Roth","photoPath":"https://goodeggs4.imgix.net/c4f09636-92a0-4986-9f86-73d783561d68.jpg?w=380&h=238&fm=jpg&auto=compress&fit=crop","price":"6.49","pricePer":"$17.30 / lb","purchaseUnit":"6 oz"},{"mainCategory":"Dairy","categoryName":"Cheese","subCategoryName":"Alpine & Nutty Cheese","title":"Fontina Val D'Aosta","producer":"Healthy Food Inc. Cheese Shop","photoPath":"https://goodeggs4.imgix.net/58f92126-4fc7-4183-b4de-ab66b4291fb6.jpg?w=380&h=238&fm=jpg&auto=compress&fit=crop","price":"8.99","pricePer":"$23.97 / lb","purchaseUnit":"6 oz"},{"mainCategory":"Dairy","categoryName":"Cheese","subCategoryName":"Goat & Sheep Cheese","title":"Ossau Iraty","producer":"Healthy Food Inc. Cheese Shop","photoPath":"https://goodeggs4.imgix.net/c554dff5-b67b-4f22-9362-272066bc18e8.jpg?w=380&h=238&fm=jpg&auto=compress&fit=crop","price":"7.99","pricePer":"$31.96 / lb","purchaseUnit":"4 oz"},{"mainCategory":"Dairy","categoryName":"Cheese","subCategoryName":"Goat & Sheep Cheese","title":"Pecorino Romano","producer":"Healthy Food Inc. Cheese Shop","photoPath":"https://goodeggs4.imgix.net/9b942645-7f8d-4586-8fb6-71fc16194081.jpg?w=380&h=238&fm=jpg&auto=compress&fit=crop","price":"7.99","pricePer":"$21.30 / lb","purchaseUnit":"6 oz"},{"mainCategory":"Dairy","categoryName":"Cheese","subCategoryName":"Goat & Sheep Cheese","title":"Ricotta Salata","producer":"Healthy Food Inc. Cheese Shop","photoPath":"https://goodeggs4.imgix.net/2bdfc214-6016-4429-8727-b087bc8f0c46.jpg?w=380&h=238&fm=jpg&auto=compress&fit=crop","price":"4.99","pricePer":"$13.30 / lb","purchaseUnit":"6 oz"},{"mainCategory":"Dairy","categoryName":"Cheese","subCategoryName":"Goat & Sheep Cheese","title":"Goat Cheese Log","producer":"Laura Chenel","photoPath":"https://goodeggs4.imgix.net/b0397343-0d4f-4bcb-a23f-b16d3941b727.jpg?w=380&h=238&fm=jpg&auto=compress&fit=crop","price":"5.99","pricePer":"$11.98 / lb","purchaseUnit":"8 oz"},{"mainCategory":"Dairy","categoryName":"Cheese","subCategoryName":"Goat & Sheep Cheese","title":"Orange Blossom Honey Goat Log","producer":"Laura Chenel","photoPath":"https://goodeggs4.imgix.net/da588380-867d-11eb-b501-af2be9b58b0f?w=380&h=238&fm=jpg&auto=compress&fit=crop","price":"4.99","pricePer":"$19.96 / lb","purchaseUnit":"4 oz"},{"mainCategory":"Dairy","categoryName":"Cheese","subCategoryName":"Goat & Sheep Cheese","title":"Chive & Shallot Chevre Medallion","producer":"Laura Chenel","photoPath":"https://goodeggs4.imgix.net/f3dd199e-b66c-45be-a001-93be7900a2a8.jpg?w=380&h=238&fm=jpg&auto=compress&fit=crop","price":"3.49","pricePer":"$15.95 / lb","purchaseUnit":"3.5 oz"},{"mainCategory":"Dairy","categoryName":"Cheese","subCategoryName":"Goat & Sheep Cheese","title":"Garlic & Chive Goat Cheese Log","producer":"Laura Chenel","photoPath":"https://goodeggs4.imgix.net/386dd3ee-b876-4906-8dd6-145e9ed261f2.jpg?w=380&h=238&fm=jpg&auto=compress&fit=crop","price":"4.99","pricePer":"$1.24 / oz","purchaseUnit":"4 oz"},{"mainCategory":"Dairy","categoryName":"Cheese","subCategoryName":"Goat & Sheep Cheese","title":"Humboldt Fog","producer":"Cypress Grove Chevre","photoPath":"https://goodeggs4.imgix.net/f3e86c73-d9b1-4975-83fa-8a88d4f8e7e5.jpg?w=380&h=238&fm=jpg&auto=compress&fit=crop","price":"7.49","pricePer":"$29.96 / lb","purchaseUnit":"4 oz"},{"mainCategory":"Dairy","categoryName":"Cheese","subCategoryName":"Goat & Sheep Cheese","title":"Goat Brie","producer":"Laura Chenel","photoPath":"https://goodeggs4.imgix.net/869cfe63-c5a5-47e2-9bf2-6751785342db.jpg?w=380&h=238&fm=jpg&auto=compress&fit=crop","price":"7.99","pricePer":"$25.56 / lb","purchaseUnit":"5 oz"},{"mainCategory":"Dairy","categoryName":"Cheese","subCategoryName":"Goat & Sheep Cheese","title":"Atika Goat & Sheep Cheese","producer":"Tomales Farmstead Creamery","photoPath":"https://goodeggs4.imgix.net/de235b07-55d7-4444-a99d-ebb5a8af1378.jpg?w=380&h=238&fm=jpg&auto=compress&fit=crop","price":"10.29","pricePer":"$32.92 / lb","purchaseUnit":"5 oz"},{"mainCategory":"Dairy","categoryName":"Cheese","subCategoryName":"Goat & Sheep Cheese","title":"Smoked Sea Salt & Rosemary Chevre","producer":"Chevoo","photoPath":"https://goodeggs4.imgix.net/e010175d-34da-44c7-b654-abc3df92efc5.jpg?w=380&h=238&fm=jpg&auto=compress&fit=crop","price":"6.49","pricePer":"$25.96 / lb","purchaseUnit":"4 oz"},{"mainCategory":"Dairy","categoryName":"Cheese","subCategoryName":"Goat & Sheep Cheese","title":"Truffle Tremor","producer":"Cypress Grove Chevre","photoPath":"https://goodeggs4.imgix.net/4c7b7e53-4737-4d12-9bba-97200dcd5250.jpg?w=380&h=238&fm=jpg&auto=compress&fit=crop","price":"7.49","pricePer":"$29.96 / lb","purchaseUnit":"4 oz"},{"mainCategory":"Dairy","categoryName":"Cheese","subCategoryName":"Goat & Sheep Cheese","title":"Bijou","producer":"Vermont Creamery","photoPath":"https://goodeggs4.imgix.net/995bdaa8-896c-4962-9fe2-5fc9076daf80.jpg?w=380&h=238&fm=jpg&auto=compress&fit=crop","price":"10.99","pricePer":"$43.96 / lb","purchaseUnit":"4 oz"},{"mainCategory":"Dairy","categoryName":"Cheese","subCategoryName":"Goat & Sheep Cheese","title":"Teleeka Goat, Sheep & Cow's Cheese","producer":"Tomales Farmstead Creamery","photoPath":"https://goodeggs4.imgix.net/7f27844e-b17d-4d0a-8133-3bb53be80ce5.jpg?w=380&h=238&fm=jpg&auto=compress&fit=crop","price":"12.99","pricePer":"$25.98 / lb","purchaseUnit":"8 oz"},{"mainCategory":"Dairy","categoryName":"Cheese","subCategoryName":"Goat & Sheep Cheese","title":"Duet","producer":"Andante Dairy","photoPath":"https://goodeggs4.imgix.net/01891939-2a15-4157-98ce-4c3eb193c118.jpg?w=380&h=238&fm=jpg&auto=compress&fit=crop","price":"12.99","pricePer":"$34.64 / lb","purchaseUnit":"1 count"},{"mainCategory":"Dairy","categoryName":"Cheese","subCategoryName":"Goat & Sheep Cheese","title":"Kenne Goat Cheese","producer":"Tomales Farmstead Creamery","photoPath":"https://goodeggs4.imgix.net/64c54b7f-0350-4830-95d3-a33df69c9497.jpg?w=380&h=238&fm=jpg&auto=compress&fit=crop","price":"12.99","pricePer":"$34.64 / lb","purchaseUnit":"6 oz"},{"mainCategory":"Dairy","categoryName":"Cheese","subCategoryName":"Goat & Sheep Cheese","title":"California Dill Pollen & Garlic Chevre","producer":"Chevoo","photoPath":"https://goodeggs4.imgix.net/08683b35-d971-4c9c-8fcf-129d1d65836c.jpg?w=380&h=238&fm=jpg&auto=compress&fit=crop","price":"6.49","pricePer":"$25.96 / lb","purchaseUnit":"4 oz"},{"mainCategory":"Dairy","categoryName":"Cheese","subCategoryName":"Goat & Sheep Cheese","title":"Acappella","producer":"Andante Dairy","photoPath":"https://goodeggs4.imgix.net/3e1e3b7e-35ff-410b-98ab-6deb91a507b8.jpg?w=380&h=238&fm=jpg&auto=compress&fit=crop","price":"10.99","pricePer":"$43.96 / lb","purchaseUnit":"1 count"},{"mainCategory":"Dairy","categoryName":"Cheese","subCategoryName":"Goat & Sheep Cheese","title":"Fleur de Re","producer":"Fromagerie Beillevaire","photoPath":"https://goodeggs4.imgix.net/f2ed2158-7c3a-4c9f-8ae4-e9e9dee565e5.jpg?w=380&h=238&fm=jpg&auto=compress&fit=crop","price":"11.99","pricePer":"$29.88 / lb","purchaseUnit":"6.42 oz"},{"mainCategory":"Dairy","categoryName":"Cheese","subCategoryName":"Goat & Sheep Cheese","title":"Long Blanc","producer":"Fromagerie Beillevaire","photoPath":"https://goodeggs4.imgix.net/8360154a-2f39-4f4b-a322-3f4d29ab7b84.jpg?w=380&h=238&fm=jpg&auto=compress&fit=crop","price":"12.99","pricePer":"$32.37 / lb","purchaseUnit":"6.42 oz"},{"mainCategory":"Dairy","categoryName":"Cheese","subCategoryName":"Goat & Sheep Cheese","title":"Liwa Goat Cheese","producer":"Tomales Farmstead Creamery","photoPath":"https://goodeggs4.imgix.net/b2919bf7-cc94-42b2-9355-3f76b55ff919.jpg?w=380&h=238&fm=jpg&auto=compress&fit=crop","price":"13.99","pricePer":"$37.30 / lb","purchaseUnit":"6 oz"},{"mainCategory":"Dairy","categoryName":"Cheese","subCategoryName":"Goat & Sheep Cheese","title":"Cabecou","producer":"Laura Chenel","photoPath":"https://goodeggs4.imgix.net/5aec781d-0b7f-4e6a-8bb5-e20a0f21eed4.jpg?w=380&h=238&fm=jpg&auto=compress&fit=crop","price":"8.29","pricePer":"$21.39 / lb","purchaseUnit":"6.2 oz"},{"mainCategory":"Dairy","categoryName":"Cheese","subCategoryName":"Goat & Sheep Cheese","title":"Crottin de Pays","producer":"Fromagerie Beillevaire","photoPath":"https://goodeggs4.imgix.net/9a6840c7-b790-4f4f-9145-da69380b4116.jpg?w=380&h=238&fm=jpg&auto=compress&fit=crop","price":"8.99","pricePer":"$71.92 / lb","purchaseUnit":"2 oz"},{"mainCategory":"Dairy","categoryName":"Cheese","subCategoryName":"Goat & Sheep Cheese","title":"Hollyhock","producer":"Garden Variety Cheese","photoPath":"https://goodeggs4.imgix.net/6b15a831-01aa-4557-a56d-c5f6f8b13bf9.jpg?w=380&h=238&fm=jpg&auto=compress&fit=crop","price":"10.99","pricePer":"$43.96 / lb","purchaseUnit":"4 oz"},{"mainCategory":"Dairy","categoryName":"Cheese","subCategoryName":"Goat & Sheep Cheese","title":"Black Eyed Susan","producer":"Garden Variety Cheese","photoPath":"https://goodeggs4.imgix.net/909ecfcf-099f-47cf-abb8-e295d852c6c4.jpg?w=380&h=238&fm=jpg&auto=compress&fit=crop","price":"9.79","pricePer":"$39.16 / lb","purchaseUnit":"4 oz"},{"mainCategory":"Dairy","categoryName":"Cheese","subCategoryName":"Goat & Sheep Cheese","title":"Sweet Alyssum","producer":"Garden Variety Cheese","photoPath":"https://goodeggs4.imgix.net/7a4404fa-0049-4661-a4be-ab6eb24208d4.jpg?w=380&h=238&fm=jpg&auto=compress&fit=crop","price":"7.49","pricePer":"$29.96 / lb","purchaseUnit":"4 oz"},{"mainCategory":"Dairy","categoryName":"Cheese","subCategoryName":"Goat & Sheep Cheese","title":"12 Month Aged Manchego","producer":"Healthy Food Inc. Cheese Shop","photoPath":"https://goodeggs4.imgix.net/abe28c37-8001-4d58-8279-d4a8a1e7b722.jpg?w=380&h=238&fm=jpg&auto=compress&fit=crop","price":"9.99","pricePer":"$26.64 / lb","purchaseUnit":"6 oz"},{"mainCategory":"Dairy","categoryName":"Cheese","subCategoryName":"Brie & Creamy Cheese","title":"Mt. Tam","producer":"Cowgirl Creamery","photoPath":"https://goodeggs4.imgix.net/fe5a46f2-91b2-43a3-9b29-a277d025956b.jpg?w=380&h=238&fm=jpg&auto=compress&fit=crop","price":"13.99","pricePer":"$27.98 / lb","purchaseUnit":"8 oz"},{"mainCategory":"Dairy","categoryName":"Cheese","subCategoryName":"Brie & Creamy Cheese","title":"1/2 Wheel of Mt. Tam","producer":"Cowgirl Creamery","photoPath":"https://goodeggs4.imgix.net/f58f4246-1757-46ea-894f-7d970d763d5b.jpg?w=380&h=238&fm=jpg&auto=compress&fit=crop","price":"6.99","pricePer":"$31.95 / lb","purchaseUnit":"3.5 oz"},{"mainCategory":"Dairy","categoryName":"Cheese","subCategoryName":"Brie & Creamy Cheese","title":"Petite Crème","producer":"Marin French Cheese","photoPath":"https://goodeggs4.imgix.net/351ffbd6-e5c7-462f-859d-44c5eaed1a48.jpg?w=380&h=238&fm=jpg&auto=compress&fit=crop","price":"5.99","pricePer":"$23.96 / lb","purchaseUnit":"4 oz"},{"mainCategory":"Dairy","categoryName":"Cheese","subCategoryName":"Brie & Creamy Cheese","title":"Petite Breakfast Cheese","producer":"Marin French Cheese","photoPath":"https://goodeggs4.imgix.net/7d041859-5033-4278-b438-beeee930377a.jpg?w=380&h=238&fm=jpg&auto=compress&fit=crop","price":"5.99","pricePer":"$23.96 / lb","purchaseUnit":"4 oz"},{"mainCategory":"Dairy","categoryName":"Cheese","subCategoryName":"Brie & Creamy Cheese","title":"Triple Crème Brie","producer":"Marin French Cheese","photoPath":"https://goodeggs4.imgix.net/6f79f7b9-5b2b-4ccc-b0a7-28a07af997c5.jpg?w=380&h=238&fm=jpg&auto=compress&fit=crop","price":"9.99","pricePer":"$19.98 / lb","purchaseUnit":"8 oz"},{"mainCategory":"Dairy","categoryName":"Cheese","subCategoryName":"Brie & Creamy Cheese","title":"Petite Truffle","producer":"Marin French Cheese","photoPath":"https://goodeggs4.imgix.net/12c2e851-4700-497b-aab4-c231b97079bc.jpg?w=380&h=238&fm=jpg&auto=compress&fit=crop","price":"6.99","pricePer":"$27.96 / lb","purchaseUnit":"4 oz"},{"mainCategory":"Dairy","categoryName":"Cheese","subCategoryName":"Brie & Creamy Cheese","title":"Green Hill","producer":"Sweet Grass Dairy","photoPath":"https://goodeggs4.imgix.net/ec79915b-ec85-4490-b60c-0d8b2578cc0c.jpg?w=380&h=238&fm=jpg&auto=compress&fit=crop","price":"9.99","pricePer":null,"purchaseUnit":"7.5 oz"},{"mainCategory":"Dairy","categoryName":"Cheese","subCategoryName":"Brie & Creamy Cheese","title":"Crémeux des Cîteaux","producer":"Rudolphe le Meunier","photoPath":"https://goodeggs4.imgix.net/9bf6d956-07d8-4dc7-be6c-59c2fc374656.jpg?w=380&h=238&fm=jpg&auto=compress&fit=crop","price":"11.99","pricePer":"$27.40 / lb","purchaseUnit":"7 oz"},{"mainCategory":"Dairy","categoryName":"Cheese","subCategoryName":"Brie & Creamy Cheese","title":"Ragged Point","producer":"Stepladder Creamery","photoPath":"https://goodeggs4.imgix.net/78197e6e-04cd-4d83-93d4-72cb6dad652b.jpg?w=380&h=238&fm=jpg&auto=compress&fit=crop","price":"7.49","pricePer":"$34.24 / lb","purchaseUnit":"3.5 oz"},{"mainCategory":"Dairy","categoryName":"Cheese","subCategoryName":"Brie & Creamy Cheese","title":"Petite Ash","producer":"Marin French Cheese","photoPath":"https://goodeggs4.imgix.net/67e63b5b-3dc9-4791-926e-925495616583.jpg?w=380&h=238&fm=jpg&auto=compress&fit=crop","price":"6.99","pricePer":"$27.96 / lb","purchaseUnit":"4 oz"},{"mainCategory":"Dairy","categoryName":"Cheese","subCategoryName":"Brie & Creamy Cheese","title":"Mascarpone","producer":"Vermont Creamery","photoPath":"https://goodeggs4.imgix.net/f646a6c6-0b9d-4663-b09c-e89c8c54786d.jpg?w=380&h=238&fm=jpg&auto=compress&fit=crop","price":"4.99","pricePer":"$9.98 / lb","purchaseUnit":"8 oz"},{"mainCategory":"Dairy","categoryName":"Cheese","subCategoryName":"Brie & Creamy Cheese","title":"Duet","producer":"Andante Dairy","photoPath":"https://goodeggs4.imgix.net/01891939-2a15-4157-98ce-4c3eb193c118.jpg?w=380&h=238&fm=jpg&auto=compress&fit=crop","price":"12.99","pricePer":"$34.64 / lb","purchaseUnit":"1 count"},{"mainCategory":"Dairy","categoryName":"Cheese","subCategoryName":"Brie & Creamy Cheese","title":"Rondo","producer":"Andante Dairy","photoPath":"https://goodeggs4.imgix.net/ed28e697-429e-4acf-9e71-f7b1f8390fd8.jpg?w=380&h=238&fm=jpg&auto=compress&fit=crop","price":"8.99","pricePer":"$47.94 / lb","purchaseUnit":"1 count"},{"mainCategory":"Dairy","categoryName":"Cheese","subCategoryName":"Brie & Creamy Cheese","title":"Harbison","producer":"Jasper Hill Farms","photoPath":"https://goodeggs4.imgix.net/16314c7a-0c9a-4986-b8f8-36c4e1bf8f13.jpg?w=380&h=238&fm=jpg&auto=compress&fit=crop","price":"16.49","pricePer":"$29.31 / lb","purchaseUnit":"9 oz"},{"mainCategory":"Dairy","categoryName":"Cheese","subCategoryName":"Brie & Creamy Cheese","title":"Pianoforte","producer":"Andante Dairy","photoPath":"https://goodeggs4.imgix.net/c33b4ca7-fab5-4a2a-9fc5-450d72c76f43.jpg?w=380&h=238&fm=jpg&auto=compress&fit=crop","price":"7.99","pricePer":"$36.65 / lb","purchaseUnit":"1 count"},{"mainCategory":"Dairy","categoryName":"Cheese","subCategoryName":"Brie & Creamy Cheese","title":"Foggy Morning","producer":"Nicasio Valley Cheese Company","photoPath":"https://goodeggs4.imgix.net/975875c1-46bb-4ee8-83db-fd5ec0cfa99a.jpg?w=380&h=238&fm=jpg&auto=compress&fit=crop","price":"8.99","pricePer":"$23.97 / lb","purchaseUnit":"6 oz"},{"mainCategory":"Dairy","categoryName":"Cheese","subCategoryName":"Brie & Creamy Cheese","title":"Figaro","producer":"Andante Dairy","photoPath":"https://goodeggs4.imgix.net/123424a7-6c63-42ef-a147-9d7ceffc9679.jpg?w=380&h=238&fm=jpg&auto=compress&fit=crop","price":"10.99","pricePer":"$43.96 / lb","purchaseUnit":"1 count"},{"mainCategory":"Dairy","categoryName":"Cheese","subCategoryName":"Brie & Creamy Cheese","title":"Largo","producer":"Andante Dairy","photoPath":"https://goodeggs4.imgix.net/53f71f47-2f4a-4ee8-b593-f4b55ce992a4.jpg?w=380&h=238&fm=jpg&auto=compress&fit=crop","price":"21.99","pricePer":"$31.98 / lb","purchaseUnit":"1 count"},{"mainCategory":"Dairy","categoryName":"Cheese","subCategoryName":"Blue & Washed Rind Cheese","title":"Original Blue Wedge","producer":"Point Reyes Farmstead","photoPath":"https://goodeggs4.imgix.net/e56a62c6-9591-46b5-8699-aad45623a95d.jpg?w=380&h=238&fm=jpg&auto=compress&fit=crop","price":"6.99","pricePer":"$18.64 / lb","purchaseUnit":"6 oz"},{"mainCategory":"Dairy","categoryName":"Cheese","subCategoryName":"Blue & Washed Rind Cheese","title":"1/2 Wheel of Red Hawk","producer":"Cowgirl Creamery","photoPath":"https://goodeggs4.imgix.net/6e45cb36-5c74-4853-9631-17f9a669760a.jpg?w=380&h=238&fm=jpg&auto=compress&fit=crop","price":"6.99","pricePer":"$31.95 / lb","purchaseUnit":"3.5 oz"},{"mainCategory":"Dairy","categoryName":"Cheese","subCategoryName":"Blue & Washed Rind Cheese","title":"Red Hawk","producer":"Cowgirl Creamery","photoPath":"https://goodeggs4.imgix.net/de9847cb-83bb-4f95-80fc-4361b2a4438a.jpg?w=380&h=238&fm=jpg&auto=compress&fit=crop","price":"13.99","pricePer":"$27.98 / lb","purchaseUnit":"8 oz"},{"mainCategory":"Dairy","categoryName":"Cheese","subCategoryName":"Blue & Washed Rind Cheese","title":"Buttermilk Blue Cheese Crumbles","producer":"Emmi Roth","photoPath":"https://goodeggs4.imgix.net/fdf3ff28-22dc-41fa-adfa-0f6371ad4a64.jpg?w=380&h=238&fm=jpg&auto=compress&fit=crop","price":"3.69","pricePer":"$14.76 / lb","purchaseUnit":"4 oz"},{"mainCategory":"Dairy","categoryName":"Cheese","subCategoryName":"Blue & Washed Rind Cheese","title":"Willoughby","producer":"Jasper Hill Farms","photoPath":"https://goodeggs4.imgix.net/8d75fd32-69a9-45c5-8561-6e1d197f8563.jpg?w=380&h=238&fm=jpg&auto=compress&fit=crop","price":"12.99","pricePer":"$25.98 / lb","purchaseUnit":"8 oz"},{"mainCategory":"Dairy","categoryName":"Cheese","subCategoryName":"Blue & Washed Rind Cheese","title":"Blue Cheese Crumbles","producer":"Healthy Food Inc. Kitchen","photoPath":"https://goodeggs4.imgix.net/f8d4dfa4-2e6d-4f55-a228-da7cdda3ff39.jpg?w=380&h=238&fm=jpg&auto=compress&fit=crop","price":"4.99","pricePer":"$1.99 / oz","purchaseUnit":"2.5 oz"},{"mainCategory":"Dairy","categoryName":"Cheese","subCategoryName":"Vegan Cheese","title":"Nutritional Yeast","producer":"Bragg Living Foods","photoPath":"https://goodeggs4.imgix.net/e0f18c41-9fd8-4f02-8246-fb54e15f7e63.jpg?w=380&h=238&fm=jpg&auto=compress&fit=crop","price":"5.99","pricePer":"$1.33 / oz","purchaseUnit":"4.5 oz"},{"mainCategory":"Dairy","categoryName":"Cheese","subCategoryName":"Vegan Cheese","title":"Vegan Chive Cream Cheese Style Spread","producer":"Kite Hill","photoPath":"https://goodeggs4.imgix.net/0d4b97ec-e625-4239-afbb-aef1220ca903.jpg?w=380&h=238&fm=jpg&auto=compress&fit=crop","price":"6.99","pricePer":"$13.98 / lb","purchaseUnit":"8 oz"},{"mainCategory":"Dairy","categoryName":"Cheese","subCategoryName":"Vegan Cheese","title":"Vegan Plain Cream Cheese Style Spread","producer":"Kite Hill","photoPath":"https://goodeggs4.imgix.net/1c9717a1-7959-4782-b3a4-098d10dd2828.jpg?w=380&h=238&fm=jpg&auto=compress&fit=crop","price":"6.99","pricePer":"$13.98 / lb","purchaseUnit":"8 oz"},{"mainCategory":"Dairy","categoryName":"Cheese","subCategoryName":"Vegan Cheese","title":"Vegan Ricotta","producer":"Kite Hill","photoPath":"https://goodeggs4.imgix.net/0c8d9ee7-165f-4245-b29a-2436f63e0b05.jpg?w=380&h=238&fm=jpg&auto=compress&fit=crop","price":"7.99","pricePer":"$15.98 / lb","purchaseUnit":"8 oz"},{"mainCategory":"Dairy","categoryName":"Cheese","subCategoryName":"Vegan Cheese","title":"Plant-Based Mozzarella Style Shreds","producer":"Daiya Foods","photoPath":"https://goodeggs4.imgix.net/c1d20563-a8d9-4627-9e3f-0eb6fb03cfe4.jpg?w=380&h=238&fm=jpg&auto=compress&fit=crop","price":"3.99","pricePer":"$0.49 / oz","purchaseUnit":"8 oz"},{"mainCategory":"Dairy","categoryName":"Cheese","subCategoryName":"Vegan Cheese","title":"Plant-Based Cheddar Style Shreds","producer":"Daiya Foods","photoPath":"https://goodeggs4.imgix.net/cb440d02-020b-4bbc-971f-fd62c4ef5795.jpg?w=380&h=238&fm=jpg&auto=compress&fit=crop","price":"3.99","pricePer":"$0.49 / oz","purchaseUnit":"8 oz"},{"mainCategory":"Dairy","categoryName":"Cheese","subCategoryName":"Vegan Cheese","title":"Fresh VeganMozz  Vegan Cheese","producer":"Miyoko's Kitchen","photoPath":"https://goodeggs4.imgix.net/36bcadee-f404-44f0-878e-edcaf14325d9.jpg?w=380&h=238&fm=jpg&auto=compress&fit=crop","price":"8.79","pricePer":"$17.58 / lb","purchaseUnit":"8 oz"},{"mainCategory":"Dairy","categoryName":"Cheese","subCategoryName":"Vegan Cheese","title":"Double Cream Garlic Herb Vegan Cheese","producer":"Miyoko's Kitchen","photoPath":"https://goodeggs4.imgix.net/31187246-124b-41d3-8b6d-737ffeb5441b.jpg?w=380&h=238&fm=jpg&auto=compress&fit=crop","price":"9.99","pricePer":"$24.59 / lb","purchaseUnit":"6.5 oz"},{"mainCategory":"Dairy","categoryName":"Cheese","subCategoryName":"Vegan Cheese","title":"Plant-Based Cheddar Style Slices","producer":"Daiya Foods","photoPath":"https://goodeggs4.imgix.net/183b4cc2-1d3e-431f-9c85-30ef583d0461.jpg?w=380&h=238&fm=jpg&auto=compress&fit=crop","price":"4.89","pricePer":"$0.62 / oz","purchaseUnit":"7.8 oz"},{"mainCategory":"Dairy","categoryName":"Cheese","subCategoryName":"Vegan Cheese","title":"Plant-Based Smoked Cheese","producer":"Spero","photoPath":"https://goodeggs4.imgix.net/eefcc155-386e-411e-b924-fba8a149af58.jpg?w=380&h=238&fm=jpg&auto=compress&fit=crop","price":"5.99","pricePer":"$0.99 / oz","purchaseUnit":"6 oz"},{"mainCategory":"Dairy","categoryName":"Cheese","subCategoryName":"Vegan Cheese","title":"Plant-Based Goat Cheese","producer":"Spero","photoPath":"https://goodeggs4.imgix.net/0210bb45-3972-4c0a-94a1-2c7bb0ba9dff.jpg?w=380&h=238&fm=jpg&auto=compress&fit=crop","price":"5.99","pricePer":"$0.99 / oz","purchaseUnit":"6 oz"},{"mainCategory":"Dairy","categoryName":"Cheese","subCategoryName":"Vegan Cheese","title":"Plant-Based Provolone Style Slices","producer":"Daiya Foods","photoPath":"https://goodeggs4.imgix.net/d05ad5b2-805a-4a8e-bd4f-00b2a1df7516.jpg?w=380&h=238&fm=jpg&auto=compress&fit=crop","price":"4.89","pricePer":"$0.62 / oz","purchaseUnit":"7.8 oz"},{"mainCategory":"Dairy","categoryName":"Cheese","subCategoryName":"Vegan Cheese","title":"Plant-Based Herb Cheese","producer":"Spero","photoPath":"https://goodeggs4.imgix.net/e64c0b79-1689-4985-b08d-8f620a184d58.jpg?w=380&h=238&fm=jpg&auto=compress&fit=crop","price":"5.99","pricePer":"$0.99 / oz","purchaseUnit":"6 oz"},{"mainCategory":"Dairy","categoryName":"Cheese","subCategoryName":"Vegan Cheese","title":"Plant-Based The RedPep Cheese","producer":"Spero","photoPath":"https://goodeggs4.imgix.net/84397c24-8ae1-48e2-8294-98a447b12538.jpg?w=380&h=238&fm=jpg&auto=compress&fit=crop","price":"5.99","pricePer":"$0.99 / oz","purchaseUnit":"6 oz"},{"mainCategory":"Dairy","categoryName":"Cheese","subCategoryName":"Vegan Cheese","title":"Plant-Based Spicy Jalapeno Queso","producer":"LOCA","photoPath":"https://goodeggs4.imgix.net/852e4d2e-ee4a-4fd7-b3d8-ec0a9f263d1c.jpg?w=380&h=238&fm=jpg&auto=compress&fit=crop","price":"8.99","pricePer":"$0.74 / oz","purchaseUnit":"12 oz"},{"mainCategory":"Dairy","categoryName":"Cheese","subCategoryName":"Vegan Cheese","title":"Plant-Based Ranch Dip","producer":"Kite Hill","photoPath":"https://goodeggs4.imgix.net/49086dcb-28a9-47ab-938b-0c05dec3eaa5.jpg?w=380&h=238&fm=jpg&auto=compress&fit=crop","price":"3.79","pricePer":"$7.58 / lb","purchaseUnit":"8 oz"},{"mainCategory":"Dairy","categoryName":"Cheese","subCategoryName":"Vegan Cheese","title":"Plant-Based Mild Nacho Queso","producer":"LOCA","photoPath":"https://goodeggs4.imgix.net/d8f2663b-4193-480d-a567-d9dee65f7ee8.jpg?w=380&h=238&fm=jpg&auto=compress&fit=crop","price":"8.99","pricePer":"$0.74 / oz","purchaseUnit":"12 oz"},{"mainCategory":"Dairy","categoryName":"Cheese","subCategoryName":"Vegan Cheese","title":"Plant-Based French Onion Dip","producer":"Kite Hill","photoPath":"https://goodeggs4.imgix.net/45b7c233-7a10-4e74-bc9e-50f8216e0ab1.jpg?w=380&h=238&fm=jpg&auto=compress&fit=crop","price":"3.79","pricePer":"$7.58 / lb","purchaseUnit":"8 oz"},{"mainCategory":"Dairy","categoryName":"Tofu & Meat Alternatives","subCategoryName":"Tofu","title":"Organic Hodo Firm Tofu","producer":"Hodo","photoPath":"https://goodeggs4.imgix.net/0bfb918b-f7dd-44ee-86a9-cac03f908abe.jpg?w=380&h=238&fm=jpg&auto=compress&fit=crop","price":"4.19","pricePer":"$6.70 / lb","purchaseUnit":"10 oz"},{"mainCategory":"Dairy","categoryName":"Tofu & Meat Alternatives","subCategoryName":"Tofu","title":"Organic Firm Tofu","producer":"Wo Chong","photoPath":"https://goodeggs4.imgix.net/223b6558-80ad-4418-98f8-ad613b3ff60d.jpg?w=380&h=238&fm=jpg&auto=compress&fit=crop","price":"1.99","pricePer":"$2.27 / lb","purchaseUnit":"14 oz"},{"mainCategory":"Dairy","categoryName":"Tofu & Meat Alternatives","subCategoryName":"Tofu","title":"Organic Hodo Fresh Handmade Yuba","producer":"Hodo","photoPath":"https://goodeggs4.imgix.net/94937212-4b0f-4d5e-ac97-4474b26d1d06.jpg?w=380&h=238&fm=jpg&auto=compress&fit=crop","price":"6.99","pricePer":"$1.39 / oz","purchaseUnit":"5 oz"},{"mainCategory":"Dairy","categoryName":"Tofu & Meat Alternatives","subCategoryName":"Tofu","title":"Organic Hodo Spicy Yuba Noodles","producer":"Hodo","photoPath":"https://goodeggs4.imgix.net/951bee9f-ee07-4efe-9110-ad1efca33398.jpg?w=380&h=238&fm=jpg&auto=compress&fit=crop","price":"6.99","pricePer":"$0.87 / oz","purchaseUnit":"8 oz"},{"mainCategory":"Dairy","categoryName":"Tofu & Meat Alternatives","subCategoryName":"Tofu","title":"Vegan Carrot Lox","producer":"Goldie Lox","photoPath":"https://goodeggs4.imgix.net/e0847de8-f3d2-4bb5-9c04-49e16667bcd3.jpeg?w=380&h=238&fm=jpg&auto=compress&fit=crop","price":"11.99","pricePer":"$1.99 / oz","purchaseUnit":"6 oz"},{"mainCategory":"Dairy","categoryName":"Tofu & Meat Alternatives","subCategoryName":"Marinated Meat Alternatives","title":"Falafel Mix","producer":"Healthy Food Inc. Kitchen","photoPath":"https://goodeggs4.imgix.net/b9bea835-38ef-4c32-be3e-827ab23d97d6.jpg?w=380&h=238&fm=jpg&auto=compress&fit=crop","price":"5.99","pricePer":"$0.30 / oz","purchaseUnit":"20 oz"},{"mainCategory":"Dairy","categoryName":"Tofu & Meat Alternatives","subCategoryName":"Marinated Meat Alternatives","title":"Organic Hodo Five-Spice Tofu Nuggets","producer":"Hodo","photoPath":"https://goodeggs4.imgix.net/e31af3be-382c-4d5d-b80b-b23cce11d8e1.jpg?w=380&h=238&fm=jpg&auto=compress&fit=crop","price":"5.49","pricePer":"$10.98 / lb","purchaseUnit":"8 oz"},{"mainCategory":"Dairy","categoryName":"Tofu & Meat Alternatives","subCategoryName":"Marinated Meat Alternatives","title":"Organic Hodo Thai Curry Tofu Nuggets","producer":"Hodo","photoPath":"https://goodeggs4.imgix.net/68ba7cf7-66be-42de-a5dd-a1b915682ad4.jpg?w=380&h=238&fm=jpg&auto=compress&fit=crop","price":"5.49","pricePer":"$10.98 / lb","purchaseUnit":"8 oz"},{"mainCategory":"Dairy","categoryName":"Tofu & Meat Alternatives","subCategoryName":"Marinated Meat Alternatives","title":"Organic Chermoula Moroccan Tofu Cubes","producer":"Hodo","photoPath":"https://goodeggs4.imgix.net/97c21366-859c-4d69-957e-3e7ad14a127d.jpg?w=380&h=238&fm=jpg&auto=compress&fit=crop","price":"5.49","pricePer":"$10.98 / lb","purchaseUnit":"8 oz"},{"mainCategory":"Dairy","categoryName":"Tofu & Meat Alternatives","subCategoryName":"Marinated Meat Alternatives","title":"Adda Veggie™ Herby Roasted Garlic Protein Meal Starter","producer":"Down to Cook","photoPath":"https://goodeggs4.imgix.net/3bad14d9-3ee0-4ce7-a880-a977a8443d77.jpg?w=380&h=238&fm=jpg&auto=compress&fit=crop","price":"6.99","pricePer":null,"purchaseUnit":"3.4 oz"},{"mainCategory":"Dairy","categoryName":"Tofu & Meat Alternatives","subCategoryName":"Marinated Meat Alternatives","title":"Adda Veggie™ Original Protein Meal Starter","producer":"Down to Cook","photoPath":"https://goodeggs4.imgix.net/3b16e3c6-df4d-4616-88b7-07114ecb508c.jpg?w=380&h=238&fm=jpg&auto=compress&fit=crop","price":"6.99","pricePer":null,"purchaseUnit":"3.2 oz"},{"mainCategory":"Dairy","categoryName":"Tofu & Meat Alternatives","subCategoryName":"Marinated Meat Alternatives","title":"Adda Veggie™ Chipotle Adobo Protein Meal Starter","producer":"Down to Cook","photoPath":"https://goodeggs4.imgix.net/71fa5a3d-42f4-4969-87c7-267a8032cb0d.jpg?w=380&h=238&fm=jpg&auto=compress&fit=crop","price":"6.99","pricePer":null,"purchaseUnit":"3.4 oz"},{"mainCategory":"Dairy","categoryName":"Tofu & Meat Alternatives","subCategoryName":"Marinated Meat Alternatives","title":"Adda Veggie™ Indian Masala Protein Meal Starter","producer":"Down to Cook","photoPath":"https://goodeggs4.imgix.net/3aa200ff-19ba-44e2-8bff-bbfa1025da63.jpg?w=380&h=238&fm=jpg&auto=compress&fit=crop","price":"6.99","pricePer":null,"purchaseUnit":"3.3 oz"},{"mainCategory":"Dairy","categoryName":"Tofu & Meat Alternatives","subCategoryName":"Burgers","title":"Beyond Burger (Frozen)","producer":"Beyond Meat","photoPath":"https://goodeggs4.imgix.net/9783ff49-a19f-4ab9-b3a9-d6828793c12a.jpg?w=380&h=238&fm=jpg&auto=compress&fit=crop","price":"5.99","pricePer":"$11.98 / lb","purchaseUnit":"8 oz"},{"mainCategory":"Dairy","categoryName":"Tofu & Meat Alternatives","subCategoryName":"Burgers","title":"Beyond Meat Plant-Based Ground Beef (Frozen)","producer":"Beyond Meat","photoPath":"https://goodeggs4.imgix.net/cee44858-4f6b-4c27-b538-4f242300f914.jpg?w=380&h=238&fm=jpg&auto=compress&fit=crop","price":"10.99","pricePer":"$10.99 / lb","purchaseUnit":"1 lb"},{"mainCategory":"Dairy","categoryName":"Tofu & Meat Alternatives","subCategoryName":"Burgers","title":"Organic Hodo Tofu Veggie Burger","producer":"Hodo","photoPath":"https://goodeggs4.imgix.net/3fd8015f-0ed2-4a0f-9498-b866e6388d89.jpg?w=380&h=238&fm=jpg&auto=compress&fit=crop","price":"5.49","pricePer":"$10.98 / lb","purchaseUnit":"8 oz"},{"mainCategory":"Dairy","categoryName":"Tofu & Meat Alternatives","subCategoryName":"Burgers","title":"California Veggie Burger","producer":"Dr. Praeger's","photoPath":"https://goodeggs4.imgix.net/08dea4e9-2c76-479e-a00c-9277a2e60560.jpg?w=380&h=238&fm=jpg&auto=compress&fit=crop","price":"4.99","pricePer":"$7.98 / lb","purchaseUnit":"10 oz"},{"mainCategory":"Dairy","categoryName":"Tofu & Meat Alternatives","subCategoryName":"Burgers","title":"Veggie Meatball Mix","producer":"Healthy Food Inc. Kitchen","photoPath":"https://goodeggs4.imgix.net/082660a0-95ee-4930-9331-59e10a2c1b71.jpg?w=380&h=238&fm=jpg&auto=compress&fit=crop","price":"7.99","pricePer":"$7.99 / lb","purchaseUnit":"1 lb"},{"mainCategory":"Dairy","categoryName":"Tofu & Meat Alternatives","subCategoryName":"Burgers","title":"Super Green Veggie Burger","producer":"Dr. Praeger's","photoPath":"https://goodeggs4.imgix.net/8de7a8ce-8841-4ad2-b4e1-38e4a2e8d211.jpg?w=380&h=238&fm=jpg&auto=compress&fit=crop","price":"4.99","pricePer":"$7.98 / lb","purchaseUnit":"10 oz"},{"mainCategory":"Dairy","categoryName":"Tofu & Meat Alternatives","subCategoryName":"Burgers","title":"Mushroom Risotto Veggie Burger","producer":"Dr. Praeger's","photoPath":"https://goodeggs4.imgix.net/37c948d8-2a2b-4a58-ace5-72c93dff8deb.jpg?w=380&h=238&fm=jpg&auto=compress&fit=crop","price":"4.99","pricePer":"$7.98 / lb","purchaseUnit":"10 oz"},{"mainCategory":"Dairy","categoryName":"Tofu & Meat Alternatives","subCategoryName":"Burgers","title":"Hand Formed Vegan Burger","producer":"Field Roast","photoPath":"https://goodeggs4.imgix.net/7725dff2-40cb-4fe0-8316-d02999004934.jpg?w=380&h=238&fm=jpg&auto=compress&fit=crop","price":"6.69","pricePer":"$8.23 / lb","purchaseUnit":"13 oz"},{"mainCategory":"Dairy","categoryName":"Tofu & Meat Alternatives","subCategoryName":"Sausages","title":"Beyond Meat Plant-Based Hot Italian Sausage (Frozen)","producer":"Beyond Meat","photoPath":"https://goodeggs4.imgix.net/0afe0cc3-cdc3-487a-a4f1-6271ad7a27f9.jpg?w=380&h=238&fm=jpg&auto=compress&fit=crop","price":"8.99","pricePer":"$0.64 / oz","purchaseUnit":"14 oz"},{"mainCategory":"Dairy","categoryName":"Tofu & Meat Alternatives","subCategoryName":"Sausages","title":"Beyond Meat Plant-Based Bratwurst Sausage (Frozen)","producer":"Beyond Meat","photoPath":"https://goodeggs4.imgix.net/88d87a60-5b93-4ffd-a256-060ce0bcb471.jpg?w=380&h=238&fm=jpg&auto=compress&fit=crop","price":"8.99","pricePer":"$0.64 / oz","purchaseUnit":"14 oz"},{"mainCategory":"Dairy","categoryName":"Tofu & Meat Alternatives","subCategoryName":"Sausages","title":"Vegan Apple Sage Sausage","producer":"Field Roast","photoPath":"https://goodeggs4.imgix.net/10dd3861-88f0-48f4-86ae-f71d61f11333.jpg?w=380&h=238&fm=jpg&auto=compress&fit=crop","price":"4.99","pricePer":"$6.16 / lb","purchaseUnit":"12.95 oz"},{"mainCategory":"Dairy","categoryName":"Tofu & Meat Alternatives","subCategoryName":"Sausages","title":"Vegan Italian Sausage","producer":"Field Roast","photoPath":"https://goodeggs4.imgix.net/2967b04c-3af8-4b86-9f70-443a985c735e.jpg?w=380&h=238&fm=jpg&auto=compress&fit=crop","price":"4.99","pricePer":"$6.16 / lb","purchaseUnit":"12.95 oz"},{"mainCategory":"Dairy","categoryName":"Tofu & Meat Alternatives","subCategoryName":"Sausages","title":"Vegan Frankfurter Sausage","producer":"Field Roast","photoPath":"https://goodeggs4.imgix.net/09c6b845-cf44-4e8b-8341-e5b3398f6c62.jpg?w=380&h=238&fm=jpg&auto=compress&fit=crop","price":"5.69","pricePer":"$5.69 / lb","purchaseUnit":"16 oz"},{"mainCategory":"Dairy","categoryName":"Tofu & Meat Alternatives","subCategoryName":"Sausages","title":"Vegan Italian Sausage","producer":"Tofurky","photoPath":"https://goodeggs4.imgix.net/6c18b42d-6d65-4573-9c59-0b24c87c5f4a.jpg?w=380&h=238&fm=jpg&auto=compress&fit=crop","price":"4.49","pricePer":"$5.13 / lb","purchaseUnit":"14 oz"},{"mainCategory":"Dairy","categoryName":"Tofu & Meat Alternatives","subCategoryName":"Sausages","title":"Vegan Mexican Chipotle Sausage","producer":"Field Roast","photoPath":"https://goodeggs4.imgix.net/c181b220-6464-4068-827b-71d3958d9def.jpg?w=380&h=238&fm=jpg&auto=compress&fit=crop","price":"4.99","pricePer":"$6.16 / lb","purchaseUnit":"12.95 oz"},{"mainCategory":"Dairy","categoryName":"Tofu & Meat Alternatives","subCategoryName":"Sausages","title":"Vegan Beer Brats","producer":"Tofurky","photoPath":"https://goodeggs4.imgix.net/51d94560-1f7a-4e55-a016-d27da6759a08.jpg?w=380&h=238&fm=jpg&auto=compress&fit=crop","price":"4.49","pricePer":"$5.13 / lb","purchaseUnit":"14 oz"},{"mainCategory":"Dairy","categoryName":"Tofu & Meat Alternatives","subCategoryName":"Tempeh & Seitan","title":"Bacon Seitan","producer":"Upton's Naturals","photoPath":"https://goodeggs4.imgix.net/81ccedcc-6325-4ad8-92c0-fd42a5fef44c.jpg?w=380&h=238&fm=jpg&auto=compress&fit=crop","price":"4.49","pricePer":"$14.36 / lb","purchaseUnit":"5 oz"},{"mainCategory":"Dairy","categoryName":"Tofu & Meat Alternatives","subCategoryName":"Tempeh & Seitan","title":"Chorizo Seitan","producer":"Upton's Naturals","photoPath":"https://goodeggs4.imgix.net/60d247dc-138c-4fb1-a9ef-1e4168f2a544.jpg?w=380&h=238&fm=jpg&auto=compress&fit=crop","price":"4.49","pricePer":"$8.98 / lb","purchaseUnit":"8 oz"},{"mainCategory":"Dairy","categoryName":"Tofu & Meat Alternatives","subCategoryName":"Tempeh & Seitan","title":"Traditional Seitan","producer":"Upton's Naturals","photoPath":"https://goodeggs4.imgix.net/175e95dc-92dc-4af7-a356-8089a8f23519.jpg?w=380&h=238&fm=jpg&auto=compress&fit=crop","price":"4.49","pricePer":"$8.98 / lb","purchaseUnit":"8 oz"},{"mainCategory":"Dairy","categoryName":"Tofu & Meat Alternatives","subCategoryName":"Deli Slices","title":"Vegan Hickory Smoked Deli Slices","producer":"Tofurky","photoPath":"https://goodeggs4.imgix.net/89f1a3d8-bab1-4232-8693-d2704801529f.jpg?w=380&h=238&fm=jpg&auto=compress&fit=crop","price":"3.39","pricePer":"$9.86 / lb","purchaseUnit":"5.5 oz"},{"mainCategory":"Dairy","categoryName":"Tofu & Meat Alternatives","subCategoryName":"Deli Slices","title":"Vegan Oven Roasted Deli Slices","producer":"Tofurky","photoPath":"https://goodeggs4.imgix.net/60ceb857-e83f-4876-9217-773ebe06da73.jpg?w=380&h=238&fm=jpg&auto=compress&fit=crop","price":"3.39","pricePer":"$9.86 / lb","purchaseUnit":"5.5 oz"},{"mainCategory":"Dairy","categoryName":"Tofu & Meat Alternatives","subCategoryName":"Deli Slices","title":"Vegan Peppered Deli Slices","producer":"Tofurky","photoPath":"https://goodeggs4.imgix.net/fba43fd9-6749-4646-9dab-127d41e2e7a1.jpg?w=380&h=238&fm=jpg&auto=compress&fit=crop","price":"3.29","pricePer":"$9.57 / lb","purchaseUnit":"5.5 oz"},{"mainCategory":"Dairy","categoryName":"Tofu & Meat Alternatives","subCategoryName":"Roasts","title":"Vegan Celebration Roast","producer":"Field Roast","photoPath":"https://goodeggs4.imgix.net/80d52876-a2b1-4f55-9096-ff5ccfee322d.jpg?w=380&h=238&fm=jpg&auto=compress&fit=crop","price":"7.99","pricePer":"$7.99 / lb","purchaseUnit":"16 oz"},{"mainCategory":"Dairy","categoryName":"Tofu & Meat Alternatives","subCategoryName":"Roasts","title":"Vegan Ham Style Roast","producer":"Tofurky","photoPath":"https://goodeggs4.imgix.net/3c7bec8d-3c5e-4346-bf97-33b2226d6649.jpg?w=380&h=238&fm=jpg&auto=compress&fit=crop","price":"13.99","pricePer":"$11.78 / lb","purchaseUnit":"19 oz"},{"mainCategory":"Dairy","categoryName":"Ice Cream & Desserts","subCategoryName":"Bars & Novelties","title":"Strawberry Lemonade Pops","producer":"GoodPop","photoPath":"https://goodeggs4.imgix.net/d566b682-0025-4312-bd56-08e901e80208.jpg?w=380&h=238&fm=jpg&auto=compress&fit=crop","price":"5.39","pricePer":"$0.49 / fl oz","purchaseUnit":"4 count"},{"mainCategory":"Dairy","categoryName":"Ice Cream & Desserts","subCategoryName":"Bars & Novelties","title":"Orange n' Coconut Cream Pops","producer":"GoodPop","photoPath":"https://goodeggs4.imgix.net/8817d0dd-3306-4c17-9e55-598de2ecdfb9.jpg?w=380&h=238&fm=jpg&auto=compress&fit=crop","price":"5.39","pricePer":"$0.53 / fl oz","purchaseUnit":"4 count"},{"mainCategory":"Dairy","categoryName":"Ice Cream & Desserts","subCategoryName":"Bars & Novelties","title":"Watermelon Agave Pop","producer":"GoodPop","photoPath":"https://goodeggs4.imgix.net/3f2012fe-43e1-44bd-889e-57248efd08bf.jpg?w=380&h=238&fm=jpg&auto=compress&fit=crop","price":"5.39","pricePer":"$0.49 / fl oz","purchaseUnit":"4 count"},{"mainCategory":"Dairy","categoryName":"Ice Cream & Desserts","subCategoryName":"Bars & Novelties","title":"Coconut Cookies n' Cream Pops","producer":"GoodPop","photoPath":"https://goodeggs4.imgix.net/0e03980e-5667-496b-923e-df446fac2457.jpg?w=380&h=238&fm=jpg&auto=compress&fit=crop","price":"5.39","pricePer":"$0.53 / fl oz","purchaseUnit":"4 count"},{"mainCategory":"Dairy","categoryName":"Ice Cream & Desserts","subCategoryName":"Bars & Novelties","title":"Organic Vegan Coconut Almond Chocolate Bars","producer":"Coconut Bliss","photoPath":"https://goodeggs4.imgix.net/6cda4bef-ee74-42ef-8647-a42393dae501.jpg?w=380&h=238&fm=jpg&auto=compress&fit=crop","price":"6.99","pricePer":"$0.77 / oz","purchaseUnit":"3 count"},{"mainCategory":"Dairy","categoryName":"Ice Cream & Desserts","subCategoryName":"Bars & Novelties","title":"Organic Vegan Salted Caramel in Chocolate Coconut Ice Cream Bars","producer":"Coconut Bliss","photoPath":"https://goodeggs4.imgix.net/b3cdd47e-80ac-4dc9-ae2f-27e59a4c2611.jpg?w=380&h=238&fm=jpg&auto=compress&fit=crop","price":"6.99","pricePer":"$0.77 / oz","purchaseUnit":"3 count"},{"mainCategory":"Dairy","categoryName":"Ice Cream & Desserts","subCategoryName":"Bars & Novelties","title":"Organic Vegan Dark Chocolate Coconut Bars","producer":"Coconut Bliss","photoPath":"https://goodeggs4.imgix.net/1eef3d4c-6b1c-4def-b7cb-3e295a23b2b7.jpg?w=380&h=238&fm=jpg&auto=compress&fit=crop","price":"6.99","pricePer":"$0.58 / oz","purchaseUnit":"4 count"},{"mainCategory":"Dairy","categoryName":"Ice Cream & Desserts","subCategoryName":"Ice Cream Classics","title":"Organic Vanilla Bean Ice Cream","producer":"Straus Family Creamery","photoPath":"https://goodeggs4.imgix.net/d81d0a4d-22d6-47c2-a187-642739d594fd.jpg?w=380&h=238&fm=jpg&auto=compress&fit=crop","price":"8.69","pricePer":"$0.27 / oz","purchaseUnit":"1 quart"},{"mainCategory":"Dairy","categoryName":"Ice Cream & Desserts","subCategoryName":"Ice Cream Classics","title":"Organic Cookies & Cream Ice Cream","producer":"Straus Family Creamery","photoPath":"https://goodeggs4.imgix.net/285a30a6-4893-40df-9f95-32993a0497fa.jpg?w=380&h=238&fm=jpg&auto=compress&fit=crop","price":"8.69","pricePer":"$0.27 / oz","purchaseUnit":"1 quart"},{"mainCategory":"Dairy","categoryName":"Ice Cream & Desserts","subCategoryName":"Ice Cream Classics","title":"Organic Mint Chocolate Chip Ice Cream","producer":"Straus Family Creamery","photoPath":"https://goodeggs4.imgix.net/76c2cbc8-b9e7-4def-b188-70a54c0f9f6e.jpg?w=380&h=238&fm=jpg&auto=compress&fit=crop","price":"8.69","pricePer":"$0.27 / oz","purchaseUnit":"1 quart"},{"mainCategory":"Dairy","categoryName":"Ice Cream & Desserts","subCategoryName":"Ice Cream Classics","title":"Organic Dutch Chocolate Ice Cream","producer":"Straus Family Creamery","photoPath":"https://goodeggs4.imgix.net/303dcf36-c601-4ab0-9c07-8f0ba06ba642.jpg?w=380&h=238&fm=jpg&auto=compress&fit=crop","price":"8.69","pricePer":"$0.27 / oz","purchaseUnit":"1 quart"},{"mainCategory":"Dairy","categoryName":"Ice Cream & Desserts","subCategoryName":"Ice Cream Classics","title":"Organic Vanilla Chocolate Chip Ice Cream","producer":"Straus Family Creamery","photoPath":"https://goodeggs4.imgix.net/86d690f1-dd9b-4d79-ae18-8a907d89f7bf.jpg?w=380&h=238&fm=jpg&auto=compress&fit=crop","price":"8.69","pricePer":"$0.27 / oz","purchaseUnit":"1 quart"},{"mainCategory":"Dairy","categoryName":"Ice Cream & Desserts","subCategoryName":"Ice Cream Classics","title":"Organic Strawberry Ice Cream","producer":"Straus Family Creamery","photoPath":"https://goodeggs4.imgix.net/3f7c9e56-a6c4-41cd-854a-2f8b6d826f56.jpg?w=380&h=238&fm=jpg&auto=compress&fit=crop","price":"8.69","pricePer":"$0.27 / oz","purchaseUnit":"1 quart"},{"mainCategory":"Dairy","categoryName":"Ice Cream & Desserts","subCategoryName":"Ice Cream Classics","title":"Blue Bottle Vietnamese Coffee Ice Cream","producer":"Humphry Slocombe","photoPath":"https://goodeggs4.imgix.net/b4c4c7b1-3619-41b5-99cb-782c9bc74ad5.jpg?w=380&h=238&fm=jpg&auto=compress&fit=crop","price":"8.99","pricePer":"$0.56 / oz","purchaseUnit":"1 pint"},{"mainCategory":"Dairy","categoryName":"Ice Cream & Desserts","subCategoryName":"Ice Cream Classics","title":"Organic Mint Chocolate Chip Ice Cream","producer":"Straus Family Creamery","photoPath":"https://goodeggs4.imgix.net/8957b7d7-a6df-4cff-b044-308766eba55a.jpg?w=380&h=238&fm=jpg&auto=compress&fit=crop","price":"5.79","pricePer":"$0.36 / oz","purchaseUnit":"1 pint"},{"mainCategory":"Dairy","categoryName":"Ice Cream & Desserts","subCategoryName":"Ice Cream Classics","title":"Organic Vanilla Bean Ice Cream","producer":"Straus Family Creamery","photoPath":"https://goodeggs4.imgix.net/bec424e2-ac7a-492f-9d8a-e67502801d33.jpg?w=380&h=238&fm=jpg&auto=compress&fit=crop","price":"5.79","pricePer":"$0.36 / oz","purchaseUnit":"1 pint"},{"mainCategory":"Dairy","categoryName":"Ice Cream & Desserts","subCategoryName":"Ice Cream Classics","title":"Organic Vanilla Fudge Swirl Ice Cream","producer":"Straus Family Creamery","photoPath":"https://goodeggs4.imgix.net/c04ae912-7c2a-44e9-bcfc-85536d42e346.jpg?w=380&h=238&fm=jpg&auto=compress&fit=crop","price":"5.79","pricePer":"$0.36 / oz","purchaseUnit":"1 pint"},{"mainCategory":"Dairy","categoryName":"Ice Cream & Desserts","subCategoryName":"Ice Cream Classics","title":"Organic Dutch Chocolate Ice Cream","producer":"Straus Family Creamery","photoPath":"https://goodeggs4.imgix.net/40a71aac-e224-445e-a532-e40bdc84c266.jpg?w=380&h=238&fm=jpg&auto=compress&fit=crop","price":"5.79","pricePer":"$0.36 / oz","purchaseUnit":"1 pint"},{"mainCategory":"Dairy","categoryName":"Ice Cream & Desserts","subCategoryName":"Ice Cream Classics","title":"Best of Both Worlds Vanilla Ice Cream","producer":"Coolhaus","photoPath":"https://goodeggs4.imgix.net/93e58447-0dfa-41e4-b7d7-e35a75a9afc6.jpg?w=380&h=238&fm=jpg&auto=compress&fit=crop","price":"5.99","pricePer":"$0.37 / oz","purchaseUnit":"1 pint"},{"mainCategory":"Dairy","categoryName":"Ice Cream & Desserts","subCategoryName":"Ice Cream Classics","title":"Organic Chocolate Ice Cream","producer":"Alec's Ice Cream","photoPath":"https://goodeggs4.imgix.net/78f0f1f5-d796-4d37-9862-750bf742db3a.jpg?w=380&h=238&fm=jpg&auto=compress&fit=crop","price":"6.99","pricePer":null,"purchaseUnit":"1 pint"},{"mainCategory":"Dairy","categoryName":"Ice Cream & Desserts","subCategoryName":"Ice Cream Classics","title":"Organic Tahitian Vanilla Bean Ice Cream","producer":"Alec's Ice Cream","photoPath":"https://goodeggs4.imgix.net/08643c95-d921-4316-b1e8-283da7ea6fdd.jpg?w=380&h=238&fm=jpg&auto=compress&fit=crop","price":"6.99","pricePer":null,"purchaseUnit":"1 pint"},{"mainCategory":"Dairy","categoryName":"Ice Cream & Desserts","subCategoryName":"Ice Cream Classics","title":"Organic Mint Chocolate Chip Ice Cream","producer":"Alec's Ice Cream","photoPath":"https://goodeggs4.imgix.net/a1e57725-9720-43fb-8e5a-ac65b2b40cfd.jpg?w=380&h=238&fm=jpg&auto=compress&fit=crop","price":"6.99","pricePer":null,"purchaseUnit":"1 pint"},{"mainCategory":"Dairy","categoryName":"Ice Cream & Desserts","subCategoryName":"Ice Cream Classics","title":"Organic Salted Caramel Latte Ice Cream","producer":"Alec's Ice Cream","photoPath":"https://goodeggs4.imgix.net/cc5516c1-2834-454f-a822-316a6d86f94d.jpg?w=380&h=238&fm=jpg&auto=compress&fit=crop","price":"6.99","pricePer":null,"purchaseUnit":"1 pint"},{"mainCategory":"Dairy","categoryName":"Ice Cream & Desserts","subCategoryName":"Puddings & Other Desserts","title":"Organic Rice Pudding","producer":"Petit Pot","photoPath":"https://goodeggs4.imgix.net/f8530e09-137d-4c64-a9a0-af3a4f405a83.jpg?w=380&h=238&fm=jpg&auto=compress&fit=crop","price":"5.99","pricePer":"$0.74 / oz","purchaseUnit":"2 count"},{"mainCategory":"Dairy","categoryName":"Ice Cream & Desserts","subCategoryName":"Puddings & Other Desserts","title":"Organic Vegan Dark Chocolate Pot de Creme","producer":"Petit Pot","photoPath":"https://goodeggs4.imgix.net/82a46583-3934-4fc3-bc98-f445173d1576.jpg?w=380&h=238&fm=jpg&auto=compress&fit=crop","price":"2.99","pricePer":"$0.74 / oz","purchaseUnit":"4 oz"},{"mainCategory":"Dairy","categoryName":"Ice Cream & Desserts","subCategoryName":"Puddings & Other Desserts","title":"Organic Madagascar Vanilla Pot de Creme 2-pack","producer":"Petit Pot","photoPath":"https://goodeggs4.imgix.net/34b94356-71db-4205-8c1e-ebbb03703f39.jpg?w=380&h=238&fm=jpg&auto=compress&fit=crop","price":"5.99","pricePer":null,"purchaseUnit":"2 count"},{"mainCategory":"Dairy","categoryName":"Ice Cream & Desserts","subCategoryName":"Puddings & Other Desserts","title":"Organic Vegan Coconut Vanilla Rice Pudding","producer":"Petit Pot","photoPath":"https://goodeggs4.imgix.net/6a21b4d0-9c0b-4136-b6e2-a8e205a5ec26.jpg?w=380&h=238&fm=jpg&auto=compress&fit=crop","price":"2.99","pricePer":"$0.74 / oz","purchaseUnit":"4 oz"},{"mainCategory":"Dairy","categoryName":"Ice Cream & Desserts","subCategoryName":"Puddings & Other Desserts","title":"Organic Chocolate Pot de Crème","producer":"Petit Pot","photoPath":"https://goodeggs4.imgix.net/4b3e4b41-8934-4213-a3d6-fdd137f83391.jpg?w=380&h=238&fm=jpg&auto=compress&fit=crop","price":"2.99","pricePer":"$0.85 / oz","purchaseUnit":"3.5 oz"},{"mainCategory":"Dairy","categoryName":"Ice Cream & Desserts","subCategoryName":"Puddings & Other Desserts","title":"Organic Salted Caramel Pot de Crème","producer":"Petit Pot","photoPath":"https://goodeggs4.imgix.net/f3bf71e6-6d97-4ac0-9b3b-4b56afc8c1f1.jpg?w=380&h=238&fm=jpg&auto=compress&fit=crop","price":"2.99","pricePer":"$0.85 / oz","purchaseUnit":"3.5 oz"},{"mainCategory":"Dairy","categoryName":"Ice Cream & Desserts","subCategoryName":"Puddings & Other Desserts","title":"Organic California Lemon Pudding","producer":"Petit Pot","photoPath":"https://goodeggs4.imgix.net/6322eb75-114f-436c-9d9e-45dad5f90244.jpg?w=380&h=238&fm=jpg&auto=compress&fit=crop","price":"2.99","pricePer":"$0.85 / oz","purchaseUnit":"3.5 oz"},{"mainCategory":"Dairy","categoryName":"Ice Cream & Desserts","subCategoryName":"Puddings & Other Desserts","title":"Organic Vanilla Pot de Crème","producer":"Petit Pot","photoPath":"https://goodeggs4.imgix.net/78fc024f-b0b2-4fde-9616-1c017447e3bc.jpg?w=380&h=238&fm=jpg&auto=compress&fit=crop","price":"2.99","pricePer":"$0.85 / oz","purchaseUnit":"3.5 oz"},{"mainCategory":"Dairy","categoryName":"Ice Cream & Desserts","subCategoryName":"Puddings & Other Desserts","title":"Vegan Strawberry Cheezecake","producer":"Daiya Foods","photoPath":"https://goodeggs4.imgix.net/b75d2ca5-4643-42e9-8b9e-c4a4d8c81907.jpg?w=380&h=238&fm=jpg&auto=compress&fit=crop","price":"6.99","pricePer":"$0.49 / oz","purchaseUnit":"14.1 oz"},{"mainCategory":"Dairy","categoryName":"Ice Cream & Desserts","subCategoryName":"Puddings & Other Desserts","title":"Vegan New York Style Cheezecake","producer":"Daiya Foods","photoPath":"https://goodeggs4.imgix.net/eb4a494b-a002-4188-9c2a-2cd95a6c4f8e.jpg?w=380&h=238&fm=jpg&auto=compress&fit=crop","price":"6.99","pricePer":"$0.49 / oz","purchaseUnit":"14.1 oz"},{"mainCategory":"Dairy","categoryName":"Ice Cream & Desserts","subCategoryName":"Puddings & Other Desserts","title":"Vegan Key Lime Cheezecake","producer":"Daiya Foods","photoPath":"https://goodeggs4.imgix.net/73b4eef6-fc20-417d-a6cf-b6a7b473727a.jpg?w=380&h=238&fm=jpg&auto=compress&fit=crop","price":"6.99","pricePer":"$0.49 / oz","purchaseUnit":"14.1 oz"},{"mainCategory":"Dairy","categoryName":"Ice Cream & Desserts","subCategoryName":"Dessert Sauces & Toppings","title":"Organic Lightly Sweetened Whipped Cream","producer":"Clover Sonoma","photoPath":"https://goodeggs4.imgix.net/6839874f-cb34-48f0-a773-6688a5f01ff2.jpg?w=380&h=238&fm=jpg&auto=compress&fit=crop","price":"5.99","pricePer":"$0.85 / oz","purchaseUnit":"7 oz"},{"mainCategory":"Dairy","categoryName":"Ice Cream & Desserts","subCategoryName":"Dessert Sauces & Toppings","title":"Fair Trade U-Bet Chocolate Syrup","producer":"Gold's Pure Foods","photoPath":"https://goodeggs4.imgix.net/2afa714b-6047-4a90-ad8d-71515367b3d7.jpg?w=380&h=238&fm=jpg&auto=compress&fit=crop","price":"5.49","pricePer":"$0.23 / oz","purchaseUnit":"24 oz"},{"mainCategory":"Dairy","categoryName":"Ice Cream & Desserts","subCategoryName":"Dessert Sauces & Toppings","title":"Coconut Caramel Sauce","producer":"Hey Boo","photoPath":"https://goodeggs4.imgix.net/a68e3a56-426e-49e2-ba23-d905bb474bc1.jpg?w=380&h=238&fm=jpg&auto=compress&fit=crop","price":"8.99","pricePer":"$0.89 / oz","purchaseUnit":"10 oz"},{"mainCategory":"Dairy","categoryName":"Ice Cream & Desserts","subCategoryName":"Dessert Sauces & Toppings","title":"Coconut Chocolate Sauce","producer":"Hey Boo","photoPath":"https://goodeggs4.imgix.net/8687ca41-4c4e-45be-aed5-96f3f71a0e51.jpg?w=380&h=238&fm=jpg&auto=compress&fit=crop","price":"8.99","pricePer":"$0.89 / oz","purchaseUnit":"10 oz"},{"mainCategory":"Dairy","categoryName":"Ice Cream & Desserts","subCategoryName":"Dessert Sauces & Toppings","title":"Organic Ice Cream Cones","producer":"Let's Do...Organic","photoPath":"https://goodeggs4.imgix.net/6c0fdf70-5067-462c-b3cd-f453e4b45522.jpg?w=380&h=238&fm=jpg&auto=compress&fit=crop","price":"3.29","pricePer":null,"purchaseUnit":"12 count"},{"mainCategory":"Dairy","categoryName":"Ice Cream & Desserts","subCategoryName":"Non-Dairy Ice Cream","title":"Organic Strawberry Plant-Based Smoothie Cup","producer":"Sweet Nothings","photoPath":"https://goodeggs4.imgix.net/28a90f97-e033-47de-a0a1-1da929b7210c.jpg?w=380&h=238&fm=jpg&auto=compress&fit=crop","price":"2.99","pricePer":"$0.85 / oz","purchaseUnit":"3.5 oz"},{"mainCategory":"Dairy","categoryName":"Ice Cream & Desserts","subCategoryName":"Non-Dairy Ice Cream","title":"Organic Peanut Butter Plant-Based Smoothie Cup","producer":"Sweet Nothings","photoPath":"https://goodeggs4.imgix.net/f0d84c61-ffde-4d1b-8a43-3e9032ede9e5.jpg?w=380&h=238&fm=jpg&auto=compress&fit=crop","price":"2.99","pricePer":"$0.85 / oz","purchaseUnit":"3.5 oz"},{"mainCategory":"Dairy","categoryName":"Ice Cream & Desserts","subCategoryName":"Non-Dairy Ice Cream","title":"Mint Chip Non-Dairy Ice Cream","producer":"Oatly","photoPath":"https://goodeggs4.imgix.net/6972af96-bade-40c0-9709-39293a2b573e.jpg?w=380&h=238&fm=jpg&auto=compress&fit=crop","price":"4.99","pricePer":"$0.31 / oz","purchaseUnit":"1 pint"},{"mainCategory":"Dairy","categoryName":"Ice Cream & Desserts","subCategoryName":"Non-Dairy Ice Cream","title":"Organic Tropical Greens Plant-Based Smoothie Cup","producer":"Sweet Nothings","photoPath":"https://goodeggs4.imgix.net/e1213180-8e57-11eb-8994-e1a9d560c915?w=380&h=238&fm=jpg&auto=compress&fit=crop","price":"2.99","pricePer":"$0.85 / oz","purchaseUnit":"3.5 oz"},{"mainCategory":"Dairy","categoryName":"Ice Cream & Desserts","subCategoryName":"Non-Dairy Ice Cream","title":"Organic Vegan Salted Caramel & Chocolate Coconut Ice Cream","producer":"Coconut Bliss","photoPath":"https://goodeggs4.imgix.net/c32b6dfe-2783-42b5-8c50-0a34e9a6e549.jpg?w=380&h=238&fm=jpg&auto=compress&fit=crop","price":"6.99","pricePer":"$0.44 / oz","purchaseUnit":"1 pint"},{"mainCategory":"Dairy","categoryName":"Ice Cream & Desserts","subCategoryName":"Non-Dairy Ice Cream","title":"Organic Chocolate Plant-Based Smoothie Cup","producer":"Sweet Nothings","photoPath":"https://goodeggs4.imgix.net/f0c574f6-57cd-49fb-83ba-9e5a45734299.jpg?w=380&h=238&fm=jpg&auto=compress&fit=crop","price":"2.99","pricePer":"$0.85 / oz","purchaseUnit":"3.5 oz"},{"mainCategory":"Dairy","categoryName":"Ice Cream & Desserts","subCategoryName":"Non-Dairy Ice Cream","title":"Organic Blueberry Plant-Based Smoothie Cup","producer":"Sweet Nothings","photoPath":"https://goodeggs4.imgix.net/0fe945a6-eb16-48bc-abdc-132ef726623a.jpg?w=380&h=238&fm=jpg&auto=compress&fit=crop","price":"2.99","pricePer":"$0.85 / oz","purchaseUnit":"3.5 oz"},{"mainCategory":"Dairy","categoryName":"Ice Cream & Desserts","subCategoryName":"Non-Dairy Ice Cream","title":"Vanilla Non-Dairy Ice Cream","producer":"Oatly","photoPath":"https://goodeggs4.imgix.net/be4fa657-64e0-4307-b5b2-1e243bf34dfc.jpg?w=380&h=238&fm=jpg&auto=compress&fit=crop","price":"4.99","pricePer":"$0.31 / oz","purchaseUnit":"1 pint"},{"mainCategory":"Dairy","categoryName":"Ice Cream & Desserts","subCategoryName":"Non-Dairy Ice Cream","title":"Chocolate Non-Dairy Ice Cream","producer":"Oatly","photoPath":"https://goodeggs4.imgix.net/2d501a57-11a1-4e33-93fd-8151325f70fc.jpg?w=380&h=238&fm=jpg&auto=compress&fit=crop","price":"4.99","pricePer":"$0.31 / oz","purchaseUnit":"1 pint"},{"mainCategory":"Dairy","categoryName":"Ice Cream & Desserts","subCategoryName":"Non-Dairy Ice Cream","title":"Cookie Butter Non-Dairy Ice Cream","producer":"Eclipse Foods","photoPath":"https://goodeggs4.imgix.net/4ddba3e0-82ba-11eb-9783-f3d67f42bb6b?w=380&h=238&fm=jpg&auto=compress&fit=crop","price":"7.99","pricePer":"$0.49 / oz","purchaseUnit":"14 oz"},{"mainCategory":"Dairy","categoryName":"Ice Cream & Desserts","subCategoryName":"Non-Dairy Ice Cream","title":"Strawberry Non-Dairy Ice Cream","producer":"Oatly","photoPath":"https://goodeggs4.imgix.net/f0262ffe-5355-4c0b-9aec-d42b0a54eb27.jpg?w=380&h=238&fm=jpg&auto=compress&fit=crop","price":"4.99","pricePer":"$0.31 / oz","purchaseUnit":"1 pint"},{"mainCategory":"Dairy","categoryName":"Ice Cream & Desserts","subCategoryName":"Non-Dairy Ice Cream","title":"Vanilla Bean Non Dairy Ice Cream","producer":"Eclipse Foods","photoPath":"https://goodeggs4.imgix.net/2243ac13-8631-4dcf-b234-250cfc8241a3.jpg?w=380&h=238&fm=jpg&auto=compress&fit=crop","price":"7.99","pricePer":null,"purchaseUnit":"14 oz"},{"mainCategory":"Dairy","categoryName":"Ice Cream & Desserts","subCategoryName":"Non-Dairy Ice Cream","title":"Chocolate Chip Non-Dairy Ice Cream","producer":"Oatly","photoPath":"https://goodeggs4.imgix.net/c1dac97c-6a51-4121-b398-cef7a714b473.jpg?w=380&h=238&fm=jpg&auto=compress&fit=crop","price":"4.99","pricePer":"$0.31 / oz","purchaseUnit":"1 pint"},{"mainCategory":"Dairy","categoryName":"Ice Cream & Desserts","subCategoryName":"Non-Dairy Ice Cream","title":"Organic Coffee Plant-Based Smoothie Cup","producer":"Sweet Nothings","photoPath":"https://goodeggs4.imgix.net/bfa0b4f8-cfb2-4ece-8f94-daa47e3ffdb9.jpg?w=380&h=238&fm=jpg&auto=compress&fit=crop","price":"2.99","pricePer":"$0.85 / oz","purchaseUnit":"3.5 oz"},{"mainCategory":"Dairy","categoryName":"Ice Cream & Desserts","subCategoryName":"Non-Dairy Ice Cream","title":"Vegan & Paleo Vanilla Gelato","producer":"Vixen Kitchen","photoPath":"https://goodeggs4.imgix.net/00402f83-5c6b-4f8f-8e0b-3fba6cd05ad9.jpg?w=380&h=238&fm=jpg&auto=compress&fit=crop","price":"10.99","pricePer":"$0.68 / oz","purchaseUnit":"16 oz"},{"mainCategory":"Dairy","categoryName":"Ice Cream & Desserts","subCategoryName":"Non-Dairy Ice Cream","title":"Organic Vegan Chocolate Peanut Butter Coconut Ice Cream","producer":"Coconut Bliss","photoPath":"https://goodeggs4.imgix.net/45fecce4-74b0-40b6-9915-ba7853685880.jpg?w=380&h=238&fm=jpg&auto=compress&fit=crop","price":"6.99","pricePer":"$0.44 / oz","purchaseUnit":"1 pint"},{"mainCategory":"Dairy","categoryName":"Ice Cream & Desserts","subCategoryName":"Non-Dairy Ice Cream","title":"Organic Vegan Vanilla Coconut Ice Cream","producer":"Coconut Bliss","photoPath":"https://goodeggs4.imgix.net/82dee1a3-c07c-4541-87a4-dd8246942a75.jpg?w=380&h=238&fm=jpg&auto=compress&fit=crop","price":"6.99","pricePer":"$0.44 / oz","purchaseUnit":"1 pint"},{"mainCategory":"Dairy","categoryName":"Ice Cream & Desserts","subCategoryName":"Non-Dairy Ice Cream","title":"Organic Vegan Dark Chocolate Coconut Ice Cream","producer":"Coconut Bliss","photoPath":"https://goodeggs4.imgix.net/3e37c9da-d770-4fa8-9837-32c688f89246.jpg?w=380&h=238&fm=jpg&auto=compress&fit=crop","price":"6.99","pricePer":"$0.44 / oz","purchaseUnit":"1 pint"},{"mainCategory":"Dairy","categoryName":"Ice Cream & Desserts","subCategoryName":"Non-Dairy Ice Cream","title":"Chocolate Hazelnut Decadence Coconut Milk Ice Cream","producer":"Coconut Bliss","photoPath":"https://goodeggs4.imgix.net/78116749-274e-43fb-92d7-b1b4d07d9659.jpg?w=380&h=238&fm=jpg&auto=compress&fit=crop","price":"6.99","pricePer":"$0.44 / oz","purchaseUnit":"1 pint"},{"mainCategory":"Dairy","categoryName":"Ice Cream & Desserts","subCategoryName":"Non-Dairy Ice Cream","title":"Golden Banana Brownie Swirl Coconut Milk Ice Cream","producer":"Coconut Bliss","photoPath":"https://goodeggs4.imgix.net/ff8f79c3-3069-4db1-8d73-9268c1a0e5fb.jpg?w=380&h=238&fm=jpg&auto=compress&fit=crop","price":"6.99","pricePer":"$0.44 / oz","purchaseUnit":"1 pint"},{"mainCategory":"Dairy","categoryName":"Ice Cream & Desserts","subCategoryName":"Non-Dairy Ice Cream","title":"Chocolate Walnut Brownie Coconut Milk Ice Cream","producer":"Coconut Bliss","photoPath":"https://goodeggs4.imgix.net/c5b68101-da37-4065-b4ac-cad3af921530.jpg?w=380&h=238&fm=jpg&auto=compress&fit=crop","price":"6.99","pricePer":"$0.44 / oz","purchaseUnit":"1 pint"},{"mainCategory":"Dairy","categoryName":"Ice Cream & Desserts","subCategoryName":"Non-Dairy Ice Cream","title":"Chocolate Non Dairy Ice Cream","producer":"Eclipse Foods","photoPath":"https://goodeggs4.imgix.net/c3ee5836-dc70-4842-b9da-e870d7d2416e.jpg?w=380&h=238&fm=jpg&auto=compress&fit=crop","price":"7.99","pricePer":null,"purchaseUnit":"14 oz"},{"mainCategory":"Dairy","categoryName":"Ice Cream & Desserts","subCategoryName":"Non-Dairy Ice Cream","title":"Simply Strawberry Non-Dairy Ice Cream","producer":"Eclipse Foods","photoPath":"https://goodeggs4.imgix.net/314d4400-82b9-11eb-8ffc-b73267f90a16?w=380&h=238&fm=jpg&auto=compress&fit=crop","price":"7.99","pricePer":"$0.49 / oz","purchaseUnit":"14 oz"},{"mainCategory":"Dairy","categoryName":"Ice Cream & Desserts","subCategoryName":"Non-Dairy Ice Cream","title":"Vegan & Paleo Peppermint Chocolate Gelato","producer":"Vixen Kitchen","photoPath":"https://goodeggs4.imgix.net/cc39d85d-fb1f-421e-9b09-d4b9727491da.jpg?w=380&h=238&fm=jpg&auto=compress&fit=crop","price":"10.99","pricePer":"$0.68 / oz","purchaseUnit":"16 oz"},{"mainCategory":"Dairy","categoryName":"Ice Cream & Desserts","subCategoryName":"Non-Dairy Ice Cream","title":"Organic Vegan Coconut Ice Cream","producer":"Coconut Bliss","photoPath":"https://goodeggs4.imgix.net/ba34c444-6670-4d23-8d22-f60b0f09d262.jpg?w=380&h=238&fm=jpg&auto=compress&fit=crop","price":"6.99","pricePer":"$0.44 / oz","purchaseUnit":"1 pint"},{"mainCategory":"Dairy","categoryName":"Ice Cream & Desserts","subCategoryName":"Non-Dairy Ice Cream","title":"Original Oat Non-Dairy Ice Cream","producer":"Oatly","photoPath":"https://goodeggs4.imgix.net/ad2f0b0a-8e4b-4bd5-bf9a-a459a1f1307e.jpg?w=380&h=238&fm=jpg&auto=compress&fit=crop","price":"4.99","pricePer":"$0.31 / oz","purchaseUnit":"1 pint"},{"mainCategory":"Dairy","categoryName":"Ice Cream & Desserts","subCategoryName":"Non-Dairy Ice Cream","title":"Vegan & Paleo Chocolate Gelato","producer":"Vixen Kitchen","photoPath":"https://goodeggs4.imgix.net/e50259ca-aebd-46be-ad50-73c6d3dafda8.jpg?w=380&h=238&fm=jpg&auto=compress&fit=crop","price":"10.99","pricePer":"$0.68 / oz","purchaseUnit":"16 oz"},{"mainCategory":"Dairy","categoryName":"Ice Cream & Desserts","subCategoryName":"Ice Cream Sandwiches","title":"Chocolate Chip & Tahitian Vanilla Ice Cream Sandwich","producer":"Coolhaus","photoPath":"https://goodeggs4.imgix.net/6c98fddb-4c4a-4110-a561-d92f1280345f.jpg?w=380&h=238&fm=jpg&auto=compress&fit=crop","price":"4.69","pricePer":"$0.80 / oz","purchaseUnit":"5.8 oz"},{"mainCategory":"Dairy","categoryName":"Ice Cream & Desserts","subCategoryName":"Ice Cream Sandwiches","title":"Double Chocolate & Cookies n' Cream Ice Cream Sandwich","producer":"Coolhaus","photoPath":"https://goodeggs4.imgix.net/f0f58664-14b1-41d5-9eb6-c0b1b5aa3934.jpg?w=380&h=238&fm=jpg&auto=compress&fit=crop","price":"4.69","pricePer":"$0.80 / oz","purchaseUnit":"5.8 oz"},{"mainCategory":"Dairy","categoryName":"Ice Cream & Desserts","subCategoryName":"Ice Cream Sandwiches","title":"Snickerdoodle & Salted Caramel Ice Cream Sandwich","producer":"Coolhaus","photoPath":"https://goodeggs4.imgix.net/7078d182-cab7-49c6-932e-2ce3be2905fb.jpg?w=380&h=238&fm=jpg&auto=compress&fit=crop","price":"4.69","pricePer":"$0.80 / oz","purchaseUnit":"5.8 oz"},{"mainCategory":"Dairy","categoryName":"Ice Cream & Desserts","subCategoryName":"Ice Cream Sandwiches","title":"Double Chocolate & Mint Chip Ice Cream Sandwich","producer":"Coolhaus","photoPath":"https://goodeggs4.imgix.net/22f62f60-3718-4e4f-8197-faae8646c974.jpg?w=380&h=238&fm=jpg&auto=compress&fit=crop","price":"4.69","pricePer":"$0.80 / oz","purchaseUnit":"5.8 oz"},{"mainCategory":"Dairy","categoryName":"Ice Cream & Desserts","subCategoryName":"Ice Cream Sandwiches","title":"Salted Chocolate Chip Cookie & Chocolate Ice Cream Sandwich","producer":"Tara's Organic Ice Cream","photoPath":"https://goodeggs4.imgix.net/50648c0f-dcbf-4411-a5aa-81e30c4d3ee2.jpg?w=380&h=238&fm=jpg&auto=compress&fit=crop","price":"7.49","pricePer":"$1.11 / oz","purchaseUnit":"1 count"},{"mainCategory":"Dairy","categoryName":"Ice Cream & Desserts","subCategoryName":"Ice Cream Sandwiches","title":"Salted Chocolate Chip Cookie & Coffee Ice Cream Sandwich","producer":"Tara's Organic Ice Cream","photoPath":"https://goodeggs4.imgix.net/2295833a-2d1e-4fd9-aa63-7d62974728d4.jpg?w=380&h=238&fm=jpg&auto=compress&fit=crop","price":"7.49","pricePer":"$1.11 / oz","purchaseUnit":"1 count"},{"mainCategory":"Dairy","categoryName":"Ice Cream & Desserts","subCategoryName":"Ice Cream Sandwiches","title":"Organic Gluten-Free & Vegan Vanilla Bean Ice Cream Sandwich","producer":"Green Girl Bakeshop","photoPath":"https://goodeggs4.imgix.net/7c6115fd-3646-4f60-984f-d7a2db8bceb2.jpg?w=380&h=238&fm=jpg&auto=compress&fit=crop","price":"6.49","pricePer":"$1.54 / oz","purchaseUnit":"1 count"},{"mainCategory":"Dairy","categoryName":"Ice Cream & Desserts","subCategoryName":"Ice Cream Sandwiches","title":"Organic Gluten-Free & Vegan Cardamom Ice Cream Sandwich","producer":"Green Girl Bakeshop","photoPath":"https://goodeggs4.imgix.net/236475fd-ed65-4892-bf8d-4e10c64c7ccf.jpg?w=380&h=238&fm=jpg&auto=compress&fit=crop","price":"6.49","pricePer":"$1.54 / oz","purchaseUnit":"1 count"},{"mainCategory":"Dairy","categoryName":"Ice Cream & Desserts","subCategoryName":"Ice Cream Sandwiches","title":"Organic Gluten-Free & Vegan Reishi Chocolate Ice Cream Sandwich","producer":"Green Girl Bakeshop","photoPath":"https://goodeggs4.imgix.net/54970511-5d7c-44c4-ae45-aecd628c4a9f.jpg?w=380&h=238&fm=jpg&auto=compress&fit=crop","price":"6.49","pricePer":"$1.54 / oz","purchaseUnit":"1 count"},{"mainCategory":"Dairy","categoryName":"Ice Cream & Desserts","subCategoryName":"Ice Cream Specialties","title":"MVP Salted Malted Vanilla with Pecan Pralines Ice Cream","producer":"Smitten Ice Cream","photoPath":"https://goodeggs4.imgix.net/98a0625c-836d-4a63-94dc-47f349216255.jpg?w=380&h=238&fm=jpg&auto=compress&fit=crop","price":"11.99","pricePer":"$0.74 / oz","purchaseUnit":"1 pint"},{"mainCategory":"Dairy","categoryName":"Ice Cream & Desserts","subCategoryName":"Ice Cream Specialties","title":"Street Cart Churro Ice Cream","producer":"Coolhaus","photoPath":"https://goodeggs4.imgix.net/5a35eb38-751c-4b52-af6f-de6d1f227ad0.jpg?w=380&h=238&fm=jpg&auto=compress&fit=crop","price":"5.99","pricePer":"$0.37 / oz","purchaseUnit":"1 pint"},{"mainCategory":"Dairy","categoryName":"Ice Cream & Desserts","subCategoryName":"Ice Cream Specialties","title":"Peanut Butter Fudge Ripple Ice Cream","producer":"Humphry Slocombe","photoPath":"https://goodeggs4.imgix.net/753cd48d-ad1b-4bab-a506-c5fbf98a0eb7.jpg?w=380&h=238&fm=jpg&auto=compress&fit=crop","price":"8.99","pricePer":"$0.56 / oz","purchaseUnit":"1 pint"},{"mainCategory":"Dairy","categoryName":"Ice Cream & Desserts","subCategoryName":"Ice Cream Specialties","title":"Chocolate Molten Cake Ice Cream","producer":"Coolhaus","photoPath":"https://goodeggs4.imgix.net/f1694bba-020e-444a-aa55-dd626f9c75a4.jpg?w=380&h=238&fm=jpg&auto=compress&fit=crop","price":"5.99","pricePer":null,"purchaseUnit":"1 pint"},{"mainCategory":"Dairy","categoryName":"Ice Cream & Desserts","subCategoryName":"Ice Cream Specialties","title":"Matchadoodle Ice Cream","producer":"Humphry Slocombe","photoPath":"https://goodeggs4.imgix.net/02e58170-e0eb-4a37-8c51-12bbc4567501.jpg?w=380&h=238&fm=jpg&auto=compress&fit=crop","price":"8.99","pricePer":"$0.56 / oz","purchaseUnit":"1 pint"},{"mainCategory":"Dairy","categoryName":"Ice Cream & Desserts","subCategoryName":"Ice Cream Specialties","title":"Strawberry Blondie Ice Cream","producer":"Humphry Slocombe","photoPath":"https://goodeggs4.imgix.net/63819f94-99c8-4e0d-bb74-a4db04594d99.jpg?w=380&h=238&fm=jpg&auto=compress&fit=crop","price":"8.99","pricePer":"$0.56 / oz","purchaseUnit":"1 pint"},{"mainCategory":"Dairy","categoryName":"Ice Cream & Desserts","subCategoryName":"Ice Cream Specialties","title":"Campfire S'mores Ice Cream","producer":"Coolhaus","photoPath":"https://goodeggs4.imgix.net/93cc793d-aff4-46ba-af17-05670aa76c42.jpg?w=380&h=238&fm=jpg&auto=compress&fit=crop","price":"5.99","pricePer":"$0.37 / oz","purchaseUnit":"1 pint"},{"mainCategory":"Dairy","categoryName":"Ice Cream & Desserts","subCategoryName":"Ice Cream Specialties","title":"Malted Milk Chocolate Ice Cream","producer":"Humphry Slocombe","photoPath":"https://goodeggs4.imgix.net/178327bc-ccfb-480d-9150-9f95dc605c1b.jpg?w=380&h=238&fm=jpg&auto=compress&fit=crop","price":"8.99","pricePer":"$0.56 / oz","purchaseUnit":"1 pint"},{"mainCategory":"Dairy","categoryName":"Ice Cream & Desserts","subCategoryName":"Ice Cream Specialties","title":"Secret Breakfast Ice Cream","producer":"Humphry Slocombe","photoPath":"https://goodeggs4.imgix.net/2cfcc4a6-24fa-420e-8369-7604986f1cf1.jpg?w=380&h=238&fm=jpg&auto=compress&fit=crop","price":"8.99","pricePer":"$0.56 / oz","purchaseUnit":"1 pint"},{"mainCategory":"Dairy","categoryName":"Ice Cream & Desserts","subCategoryName":"Ice Cream Specialties","title":"Organic Caramel Toffee Ice Cream","producer":"Straus Family Creamery","photoPath":"https://goodeggs4.imgix.net/3d2559ce-9d0b-42b2-a9f6-eb7f0a33db04.jpg?w=380&h=238&fm=jpg&auto=compress&fit=crop","price":"5.79","pricePer":"$0.36 / oz","purchaseUnit":"1 pint"},{"mainCategory":"Dairy","categoryName":"Ice Cream & Desserts","subCategoryName":"Ice Cream Specialties","title":"Organic Coconut Ice Cream","producer":"Tara's Organic Ice Cream","photoPath":"https://goodeggs4.imgix.net/b3495075-a9e7-440b-8a9e-6f83bae408c4.jpg?w=380&h=238&fm=jpg&auto=compress&fit=crop","price":"8.99","pricePer":"$0.74 / oz","purchaseUnit":"12 oz"},{"mainCategory":"Dairy","categoryName":"Ice Cream & Desserts","subCategoryName":"Ice Cream Specialties","title":"Blueberry Boy Bait Ice Cream","producer":"Humphry Slocombe","photoPath":"https://goodeggs4.imgix.net/4693fa2c-a122-4044-a6e8-414e5757a282.jpg?w=380&h=238&fm=jpg&auto=compress&fit=crop","price":"8.99","pricePer":"$0.56 / oz","purchaseUnit":"1 pint"},{"mainCategory":"Dairy","categoryName":"Ice Cream & Desserts","subCategoryName":"Ice Cream Specialties","title":"Organic Black Sesame Ice Cream","producer":"Tara's Organic Ice Cream","photoPath":"https://goodeggs4.imgix.net/f3705384-e1f0-4a5f-a174-c09ed47121c2.jpg?w=380&h=238&fm=jpg&auto=compress&fit=crop","price":"8.99","pricePer":"$0.74 / oz","purchaseUnit":"12 oz"},{"mainCategory":"Dairy","categoryName":"Ice Cream & Desserts","subCategoryName":"Ice Cream Specialties","title":"Organic Lavender Ice Cream","producer":"Tara's Organic Ice Cream","photoPath":"https://goodeggs4.imgix.net/f776e995-f38d-4f8e-9efc-c7ec74b1bb56.jpg?w=380&h=238&fm=jpg&auto=compress&fit=crop","price":"8.99","pricePer":"$0.74 / oz","purchaseUnit":"12 oz"},{"mainCategory":"Dairy","categoryName":"Ice Cream & Desserts","subCategoryName":"Ice Cream Specialties","title":"Organic Chai Latte Ice Cream","producer":"Straus Family Creamery","photoPath":"https://goodeggs4.imgix.net/f1d92cd4-1d73-46b5-a527-60393d9e99fd.jpg?w=380&h=238&fm=jpg&auto=compress&fit=crop","price":"5.79","pricePer":"$0.36 / oz","purchaseUnit":"1 pint"},{"mainCategory":"Dairy","categoryName":"Ice Cream & Desserts","subCategoryName":"Ice Cream Specialties","title":"Black Sesame Ice Cream","producer":"Humphry Slocombe","photoPath":"https://goodeggs4.imgix.net/d0a556f6-f247-4e06-af6b-fd1562d2c334.jpg?w=380&h=238&fm=jpg&auto=compress&fit=crop","price":"8.99","pricePer":"$0.56 / oz","purchaseUnit":"1 pint"},{"mainCategory":"Dairy","categoryName":"Ice Cream & Desserts","subCategoryName":"Ice Cream Specialties","title":"Organic Maple Cream Ice Cream","producer":"Straus Family Creamery","photoPath":"https://goodeggs4.imgix.net/c6adbc91-f1a4-4b8f-9ca5-7abe3e159ae0.jpg?w=380&h=238&fm=jpg&auto=compress&fit=crop","price":"5.79","pricePer":"$0.36 / oz","purchaseUnit":"1 pint"},{"mainCategory":"Dairy","categoryName":"Ice Cream & Desserts","subCategoryName":"Ice Cream Specialties","title":"Organic White Pepper Chocolate Chip Ice Cream","producer":"Tara's Organic Ice Cream","photoPath":"https://goodeggs4.imgix.net/d81655a9-074c-4212-81d5-b586f121b635.jpg?w=380&h=238&fm=jpg&auto=compress&fit=crop","price":"8.99","pricePer":"$0.74 / oz","purchaseUnit":"12 oz"},{"mainCategory":"Dairy","categoryName":"Ice Cream & Desserts","subCategoryName":"Ice Cream Specialties","title":"Honey Graham Ice Cream","producer":"Humphry Slocombe","photoPath":"https://goodeggs4.imgix.net/b91c0dd5-bc5c-4a98-9d9c-0a38768063a9.jpg?w=380&h=238&fm=jpg&auto=compress&fit=crop","price":"8.99","pricePer":"$0.56 / oz","purchaseUnit":"1 pint"},{"mainCategory":"Dairy","categoryName":"Ice Cream & Desserts","subCategoryName":"Ice Cream Specialties","title":"Salted Caramel & Cocoa Nib Ice Cream","producer":"Humphry Slocombe","photoPath":"https://goodeggs4.imgix.net/26f20230-6231-44a7-838e-e2d37c14d3e9.jpg?w=380&h=238&fm=jpg&auto=compress&fit=crop","price":"8.99","pricePer":"$0.56 / oz","purchaseUnit":"1 pint"},{"mainCategory":"Drinks","categoryName":"Iced Brews","subCategoryName":"","title":"Peach Black Tea Organic Sparkling Water","producer":"Nixie Sparkling Water","photoPath":"https://goodeggs4.imgix.net/16b2947c-4131-4bf1-a5bb-ed8d1e38b198.jpg?w=380&h=238&fm=jpg&auto=compress&fit=crop","price":"6.99","pricePer":"$0.07 / fl oz","purchaseUnit":"8 count"},{"mainCategory":"Drinks","categoryName":"Iced Brews","subCategoryName":"","title":"Peach & Mango Cold Brew Tea Bags","producer":"Teapigs","photoPath":"https://goodeggs4.imgix.net/3936c694-bf86-47ca-b045-56fd2f5c4028.jpg?w=380&h=238&fm=jpg&auto=compress&fit=crop","price":"7.99","pricePer":null,"purchaseUnit":"10 count"},{"mainCategory":"Drinks","categoryName":"Iced Brews","subCategoryName":"","title":"Lychee & Rose Cold Brew Tea Bags","producer":"Teapigs","photoPath":"https://goodeggs4.imgix.net/4d4cf456-ff6f-4466-83cd-48d58006a370.jpg?w=380&h=238&fm=jpg&auto=compress&fit=crop","price":"7.99","pricePer":"$9.07 / oz","purchaseUnit":"10 count"},{"mainCategory":"Drinks","categoryName":"Iced Brews","subCategoryName":"","title":"Pineapple Mint Iced Tea","producer":"Shaka Tea","photoPath":"https://goodeggs4.imgix.net/04530706-6ebc-4444-96ed-ceb66dc31a7b.jpg?w=380&h=238&fm=jpg&auto=compress&fit=crop","price":"2.99","pricePer":null,"purchaseUnit":"14 fl oz"},{"mainCategory":"Drinks","categoryName":"Iced Brews","subCategoryName":"","title":"Guava Gingerblossom Iced Tea","producer":"Shaka Tea","photoPath":"https://goodeggs4.imgix.net/9a0d8ff7-d3da-4305-b866-e9c3e9f2483b.jpg?w=380&h=238&fm=jpg&auto=compress&fit=crop","price":"2.99","pricePer":null,"purchaseUnit":"14 fl oz"},{"mainCategory":"Drinks","categoryName":"Iced Brews","subCategoryName":"","title":"Cold Brew Coffee Concentrate","producer":"Jittery John's Cold Brew Coffee","photoPath":"https://goodeggs4.imgix.net/0090697d-03bd-4b1d-82c1-22b2064d8464.jpg?w=380&h=238&fm=jpg&auto=compress&fit=crop","price":"12.99","pricePer":"$0.41 / fl oz","purchaseUnit":"32 fl oz"},{"mainCategory":"Drinks","categoryName":"Iced Brews","subCategoryName":"","title":"Vanilla Oat Milk Latte with Collagen","producer":"Pop & Bottle","photoPath":"https://goodeggs4.imgix.net/cd07f5f4-d378-4365-b637-bad09c464d99.jpg?w=380&h=238&fm=jpg&auto=compress&fit=crop","price":"4.99","pricePer":"$0.62 / fl oz","purchaseUnit":"8 fl oz"},{"mainCategory":"Drinks","categoryName":"Iced Brews","subCategoryName":"","title":"Kenyan Kamoini Mill Cold Coffee","producer":"Four Barrel Coffee","photoPath":"https://goodeggs4.imgix.net/fbe9e78b-28d9-4c10-ac6a-13ebf74feeb0.jpg?w=380&h=238&fm=jpg&auto=compress&fit=crop","price":"4.79","pricePer":"$0.59 / fl oz","purchaseUnit":"8 fl oz"},{"mainCategory":"Drinks","categoryName":"Iced Brews","subCategoryName":"","title":"Kyoto Style Drip Coffee","producer":"Dripdash","photoPath":"https://goodeggs4.imgix.net/77651926-e020-46ed-89bc-dea8e2f20328.jpg?w=380&h=238&fm=jpg&auto=compress&fit=crop","price":"39.99","pricePer":"$0.39 / fl oz","purchaseUnit":"3 liter"},{"mainCategory":"Drinks","categoryName":"Iced Brews","subCategoryName":"","title":"Adaptogenic Black Coffee","producer":"Taika","photoPath":"https://goodeggs4.imgix.net/746f13d2-8dbe-42d3-a052-4c6f10db342d.jpg?w=380&h=238&fm=jpg&auto=compress&fit=crop","price":"5.99","pricePer":"$0.71 / fl oz","purchaseUnit":"8.4 fl oz"},{"mainCategory":"Drinks","categoryName":"Iced Brews","subCategoryName":"","title":"Cold Brew Espresso Flask","producer":"Jittery John's Cold Brew Coffee","photoPath":"https://goodeggs4.imgix.net/45b8666b-3b29-49ee-b287-f9b6a23e08d3.jpg?w=380&h=238&fm=jpg&auto=compress&fit=crop","price":"3.99","pricePer":"$0.59 / fl oz","purchaseUnit":"6.7 fl oz"},{"mainCategory":"Drinks","categoryName":"Iced Brews","subCategoryName":"","title":"Organic Cold Brew Coffee Protein","producer":"Rebbl","photoPath":"https://goodeggs4.imgix.net/aa9a3bcb-8672-448d-875d-52bc5515eb30.jpg?w=380&h=238&fm=jpg&auto=compress&fit=crop","price":"5.49","pricePer":"$0.46 / fl oz","purchaseUnit":"12 fl oz"},{"mainCategory":"Drinks","categoryName":"Iced Brews","subCategoryName":"","title":"Supreme Jasmine M!lk Tea","producer":"Twrl M!lk Tea","photoPath":"https://goodeggs4.imgix.net/2ab4bb3c-e9b6-4324-86c5-44c222a39d2a.jpg?w=380&h=238&fm=jpg&auto=compress&fit=crop","price":"3.99","pricePer":"$0.53 / oz","purchaseUnit":"7.5 oz"},{"mainCategory":"Drinks","categoryName":"Iced Brews","subCategoryName":"","title":"Organic Traditional Tereré Yerba Mate","producer":"Guayaki","photoPath":"https://goodeggs4.imgix.net/88a424cd-0eb2-4e02-a110-980ccae2dd7b.jpg?w=380&h=238&fm=jpg&auto=compress&fit=crop","price":"2.99","pricePer":"$0.19 / fl oz","purchaseUnit":"16 fl oz"},{"mainCategory":"Drinks","categoryName":"Juice & Smoothies","subCategoryName":"Juice","title":"Organic Orange Juice","producer":"Columbia Gorge","photoPath":"https://goodeggs4.imgix.net/bbedf1fa-016f-49b4-a748-0fd6e90fa5f9.jpg?w=380&h=238&fm=jpg&auto=compress&fit=crop","price":"9.99","pricePer":"$0.21 / fl oz","purchaseUnit":"48 fl oz"},{"mainCategory":"Drinks","categoryName":"Juice & Smoothies","subCategoryName":"Juice","title":"Organic Pulp-free Orange Juice","producer":"Columbia Gorge","photoPath":"https://goodeggs4.imgix.net/34bb39cf-556a-438f-9a9e-0730f75933dc.jpg?w=380&h=238&fm=jpg&auto=compress&fit=crop","price":"9.99","pricePer":"$0.21 / fl oz","purchaseUnit":"48 fl oz"},{"mainCategory":"Drinks","categoryName":"Juice & Smoothies","subCategoryName":"Juice","title":"Organic Grapefruit Juice","producer":"Columbia Gorge","photoPath":"https://goodeggs4.imgix.net/9200818b-535e-4639-a514-47bd0ff2daf9.jpg?w=380&h=238&fm=jpg&auto=compress&fit=crop","price":"9.99","pricePer":"$0.21 / fl oz","purchaseUnit":"48 fl oz"},{"mainCategory":"Drinks","categoryName":"Juice & Smoothies","subCategoryName":"Juice","title":"Organic Lemonade","producer":"Columbia Gorge","photoPath":"https://goodeggs4.imgix.net/17cdd7e6-9585-4d6f-8692-6a23f942e619.jpg?w=380&h=238&fm=jpg&auto=compress&fit=crop","price":"3.99","pricePer":"$0.26 / fl oz","purchaseUnit":"15.2 fl oz"},{"mainCategory":"Drinks","categoryName":"Juice & Smoothies","subCategoryName":"Juice","title":"Organic Gravenstein Apple Juice","producer":"North Coast","photoPath":"https://goodeggs4.imgix.net/204ddafa-e1e2-4b37-8d1e-8f76eee864d6.jpg?w=380&h=238&fm=jpg&auto=compress&fit=crop","price":"4.49","pricePer":"$0.14 / fl oz","purchaseUnit":"32 fl oz"},{"mainCategory":"Drinks","categoryName":"Juice & Smoothies","subCategoryName":"Juice","title":"Organic Apple Cider","producer":"North Coast","photoPath":"https://goodeggs4.imgix.net/05e76804-7712-4b5a-bc2e-0bbfdd9a6074.jpg?w=380&h=238&fm=jpg&auto=compress&fit=crop","price":"8.99","pricePer":"$0.14 / fl oz","purchaseUnit":"64 fl oz"},{"mainCategory":"Drinks","categoryName":"Juice & Smoothies","subCategoryName":"Juice","title":"Tart Cherry Lemonade","producer":"Califia Farms","photoPath":"https://goodeggs4.imgix.net/840138ec-7678-48cd-b191-f6f46d71d8a0.jpg?w=380&h=238&fm=jpg&auto=compress&fit=crop","price":"4.79","pricePer":"$0.10 / fl oz","purchaseUnit":"48 fl oz"},{"mainCategory":"Drinks","categoryName":"Juice & Smoothies","subCategoryName":"Juice","title":"Ginger Limeade","producer":"Califia Farms","photoPath":"https://goodeggs4.imgix.net/63e1c46a-8d58-4ad3-a80a-446b8e0a7c58.jpg?w=380&h=238&fm=jpg&auto=compress&fit=crop","price":"4.79","pricePer":"$0.10 / fl oz","purchaseUnit":"48 fl oz"},{"mainCategory":"Drinks","categoryName":"Juice & Smoothies","subCategoryName":"Juice","title":"Organic Apple Juice","producer":"Martinelli's","photoPath":"https://goodeggs4.imgix.net/7b3b9122-a717-4449-81e4-709247b5d6ae.jpg?w=380&h=238&fm=jpg&auto=compress&fit=crop","price":"1.99","pricePer":"$0.20 / fl oz","purchaseUnit":"10 fl oz"},{"mainCategory":"Drinks","categoryName":"Juice & Smoothies","subCategoryName":"Juice","title":"Organic Sparkling Cider","producer":"Martinelli's","photoPath":"https://goodeggs4.imgix.net/98e7b730-d156-4baf-b495-f859cc4c443d.jpg?w=380&h=238&fm=jpg&auto=compress&fit=crop","price":"4.99","pricePer":"$0.20 / fl oz","purchaseUnit":"25.4 fl oz"},{"mainCategory":"Drinks","categoryName":"Juice & Smoothies","subCategoryName":"Juice","title":"Organic Sparkling Apple Juice","producer":"Martinelli's","photoPath":"https://goodeggs4.imgix.net/fcf3ea8d-b60d-45e3-9f3c-8c36afbb42df.jpg?w=380&h=238&fm=jpg&auto=compress&fit=crop","price":"1.99","pricePer":"$0.20 / fl oz","purchaseUnit":"10 fl oz"},{"mainCategory":"Drinks","categoryName":"Juice & Smoothies","subCategoryName":"Juice","title":"Baobab Red Hibiscus Mint Juice","producer":"Teranga ","photoPath":"https://goodeggs4.imgix.net/65f8cc50-8387-4bb1-9957-d73ed29f34c4.jpg?w=380&h=238&fm=jpg&auto=compress&fit=crop","price":"6.49","pricePer":null,"purchaseUnit":"8 oz"},{"mainCategory":"Drinks","categoryName":"Juice & Smoothies","subCategoryName":"Juice","title":"Baobab White Hibiscus Ginger Juice","producer":"Teranga ","photoPath":"https://goodeggs4.imgix.net/41ab80b9-e1e4-4d05-acc8-03d3b6b697de.jpg?w=380&h=238&fm=jpg&auto=compress&fit=crop","price":"6.49","pricePer":null,"purchaseUnit":"8 oz"},{"mainCategory":"Drinks","categoryName":"Juice & Smoothies","subCategoryName":"Juice","title":"Baobab Tamarind Nutmeg Juice","producer":"Teranga ","photoPath":"https://goodeggs4.imgix.net/dd757a50-67de-4e24-8c9d-f9ac2e47061b.jpg?w=380&h=238&fm=jpg&auto=compress&fit=crop","price":"6.49","pricePer":null,"purchaseUnit":"8 oz"},{"mainCategory":"Drinks","categoryName":"Juice & Smoothies","subCategoryName":"Juice","title":"Pure Baobab Juice","producer":"Teranga ","photoPath":"https://goodeggs4.imgix.net/a078dfdc-4b66-4921-a839-c9d4504c1ff0.jpg?w=380&h=238&fm=jpg&auto=compress&fit=crop","price":"6.99","pricePer":null,"purchaseUnit":"8 oz"},{"mainCategory":"Drinks","categoryName":"Juice & Smoothies","subCategoryName":"Smoothies & Blends","title":"Organic Strawberry Banana","producer":"Columbia Gorge","photoPath":"https://goodeggs4.imgix.net/af31bd8e-8aea-4cb7-b7e8-21c548b017b0.jpg?w=380&h=238&fm=jpg&auto=compress&fit=crop","price":"3.99","pricePer":"$0.26 / fl oz","purchaseUnit":"15.2 fl oz"},{"mainCategory":"Drinks","categoryName":"Juice & Smoothies","subCategoryName":"Smoothies & Blends","title":"Blueberry B’Mega","producer":"Columbia Gorge","photoPath":"https://goodeggs4.imgix.net/15a484ce-99ac-464b-a114-9660ba1e9fbb.jpg?w=380&h=238&fm=jpg&auto=compress&fit=crop","price":"4.49","pricePer":"$0.30 / fl oz","purchaseUnit":"15.2 fl oz"},{"mainCategory":"Drinks","categoryName":"Juice & Smoothies","subCategoryName":"Smoothies & Blends","title":"Organic Strawberry Plant-Based Smoothie Cup","producer":"Sweet Nothings","photoPath":"https://goodeggs4.imgix.net/28a90f97-e033-47de-a0a1-1da929b7210c.jpg?w=380&h=238&fm=jpg&auto=compress&fit=crop","price":"2.99","pricePer":"$0.85 / oz","purchaseUnit":"3.5 oz"},{"mainCategory":"Drinks","categoryName":"Juice & Smoothies","subCategoryName":"Smoothies & Blends","title":"Organic Peanut Butter Plant-Based Smoothie Cup","producer":"Sweet Nothings","photoPath":"https://goodeggs4.imgix.net/f0d84c61-ffde-4d1b-8a43-3e9032ede9e5.jpg?w=380&h=238&fm=jpg&auto=compress&fit=crop","price":"2.99","pricePer":"$0.85 / oz","purchaseUnit":"3.5 oz"},{"mainCategory":"Drinks","categoryName":"Juice & Smoothies","subCategoryName":"Smoothies & Blends","title":"Organic Tropical Greens Plant-Based Smoothie Cup","producer":"Sweet Nothings","photoPath":"https://goodeggs4.imgix.net/e1213180-8e57-11eb-8994-e1a9d560c915?w=380&h=238&fm=jpg&auto=compress&fit=crop","price":"2.99","pricePer":"$0.85 / oz","purchaseUnit":"3.5 oz"},{"mainCategory":"Drinks","categoryName":"Juice & Smoothies","subCategoryName":"Smoothies & Blends","title":"Organic Chocolate Plant-Based Smoothie Cup","producer":"Sweet Nothings","photoPath":"https://goodeggs4.imgix.net/f0c574f6-57cd-49fb-83ba-9e5a45734299.jpg?w=380&h=238&fm=jpg&auto=compress&fit=crop","price":"2.99","pricePer":"$0.85 / oz","purchaseUnit":"3.5 oz"},{"mainCategory":"Drinks","categoryName":"Juice & Smoothies","subCategoryName":"Smoothies & Blends","title":"Organic Blueberry Plant-Based Smoothie Cup","producer":"Sweet Nothings","photoPath":"https://goodeggs4.imgix.net/0fe945a6-eb16-48bc-abdc-132ef726623a.jpg?w=380&h=238&fm=jpg&auto=compress&fit=crop","price":"2.99","pricePer":"$0.85 / oz","purchaseUnit":"3.5 oz"},{"mainCategory":"Drinks","categoryName":"Juice & Smoothies","subCategoryName":"Smoothies & Blends","title":"Organic Coffee Plant-Based Smoothie Cup","producer":"Sweet Nothings","photoPath":"https://goodeggs4.imgix.net/bfa0b4f8-cfb2-4ece-8f94-daa47e3ffdb9.jpg?w=380&h=238&fm=jpg&auto=compress&fit=crop","price":"2.99","pricePer":"$0.85 / oz","purchaseUnit":"3.5 oz"},{"mainCategory":"Drinks","categoryName":"Juice & Smoothies","subCategoryName":"Smoothies & Blends","title":"Organic Probiotic Strawberry Plant Shake","producer":"Forager Project","photoPath":"https://goodeggs4.imgix.net/86018552-27e0-45ac-b63b-800100861583.jpg?w=380&h=238&fm=jpg&auto=compress&fit=crop","price":"4.99","pricePer":"$0.42 / fl oz","purchaseUnit":"12 fl oz"},{"mainCategory":"Drinks","categoryName":"Juice & Smoothies","subCategoryName":"Smoothies & Blends","title":"Organic Banana Date Probiotic Cashew Milk","producer":"Forager Project","photoPath":"https://goodeggs4.imgix.net/a87149b4-29e3-4a8d-9a9a-ec223dccf208.jpg?w=380&h=238&fm=jpg&auto=compress&fit=crop","price":"4.99","pricePer":"$0.42 / fl oz","purchaseUnit":"12 fl oz"},{"mainCategory":"Drinks","categoryName":"Juice & Smoothies","subCategoryName":"Smoothies & Blends","title":"Organic Original Coconut Smoothie","producer":"Genius Juice ","photoPath":"https://goodeggs4.imgix.net/fdd2d506-5ad4-4ce6-9040-d7182cb4e2ee.jpg?w=380&h=238&fm=jpg&auto=compress&fit=crop","price":"5.99","pricePer":null,"purchaseUnit":"10 fl oz"},{"mainCategory":"Drinks","categoryName":"Juice & Smoothies","subCategoryName":"Smoothies & Blends","title":"Organic Cinnamon Vanilla Coconut Smoothie","producer":"Genius Juice ","photoPath":"https://goodeggs4.imgix.net/d07c8d43-9aaa-4792-895b-9ff4e56cce40.jpg?w=380&h=238&fm=jpg&auto=compress&fit=crop","price":"5.99","pricePer":null,"purchaseUnit":"10 fl oz"},{"mainCategory":"Drinks","categoryName":"Juice & Smoothies","subCategoryName":"Smoothies & Blends","title":"Organic Mocha Coconut Smoothie","producer":"Genius Juice ","photoPath":"https://goodeggs4.imgix.net/7cab6d76-65dd-48f1-9646-adf159555a2c.jpg?w=380&h=238&fm=jpg&auto=compress&fit=crop","price":"5.99","pricePer":null,"purchaseUnit":"10 fl oz"},{"mainCategory":"Drinks","categoryName":"Juice & Smoothies","subCategoryName":"Smoothies & Blends","title":"Mango Cardamom Lassi","producer":"Dosa","photoPath":"https://goodeggs4.imgix.net/fc3fed8c-ac86-485f-b98b-b69a4ec5e5d3.jpg?w=380&h=238&fm=jpg&auto=compress&fit=crop","price":"3.99","pricePer":"$0.49 / fl oz","purchaseUnit":"8 fl oz"},{"mainCategory":"Drinks","categoryName":"Juice & Smoothies","subCategoryName":"Smoothies & Blends","title":"Banana Turmeric Lassi","producer":"Dosa","photoPath":"https://goodeggs4.imgix.net/7eefb689-580c-4b60-95ad-f88bc1319a8b.jpg?w=380&h=238&fm=jpg&auto=compress&fit=crop","price":"3.99","pricePer":"$0.49 / fl oz","purchaseUnit":"8 fl oz"},{"mainCategory":"Drinks","categoryName":"Juice & Smoothies","subCategoryName":"Smoothies & Blends","title":"Pink Peppercorn Berry Lassi","producer":"Dosa","photoPath":"https://goodeggs4.imgix.net/1c2f806b-fcda-4a05-8f60-f3844236c4eb.jpg?w=380&h=238&fm=jpg&auto=compress&fit=crop","price":"3.99","pricePer":"$0.49 / fl oz","purchaseUnit":"8 fl oz"},{"mainCategory":"Drinks","categoryName":"Juice & Smoothies","subCategoryName":"Smoothies & Blends","title":"Spicy Tamarind Lassi","producer":"Dosa","photoPath":"https://goodeggs4.imgix.net/b656f64c-4d2e-4ed2-a9ec-c13e6741b43c.jpg?w=380&h=238&fm=jpg&auto=compress&fit=crop","price":"3.99","pricePer":"$0.49 / fl oz","purchaseUnit":"8 fl oz"},{"mainCategory":"Drinks","categoryName":"Juice & Smoothies","subCategoryName":"Smoothies & Blends","title":"Hella Berry Probiotic Coconut Milk Smoothie","producer":"Happy Moose Juice","photoPath":"https://goodeggs4.imgix.net/c016b423-1663-43e9-92ec-8000b8691fd8.jpg?w=380&h=238&fm=jpg&auto=compress&fit=crop","price":"6.49","pricePer":"$0.54 / fl oz","purchaseUnit":"12 fl oz"},{"mainCategory":"Drinks","categoryName":"Juice & Smoothies","subCategoryName":"Smoothies & Blends","title":"Cacao Almond Smoothie","producer":"Marin Living Foods","photoPath":"https://goodeggs4.imgix.net/2087f2f6-4bd3-46ea-ae36-44e5b8b05e89.jpg?w=380&h=238&fm=jpg&auto=compress&fit=crop","price":"6.99","pricePer":"$0.58 / fl oz","purchaseUnit":"12 fl oz"},{"mainCategory":"Drinks","categoryName":"Juice & Smoothies","subCategoryName":"Cold-Pressed Juice","title":"Organic Slender Greens","producer":"Urban Remedy","photoPath":"https://goodeggs4.imgix.net/1a222289-01b9-48fa-8a12-1581b5fbff50.jpg?w=380&h=238&fm=jpg&auto=compress&fit=crop","price":"7.99","pricePer":"$0.66 / fl oz","purchaseUnit":"12 fl oz"},{"mainCategory":"Drinks","categoryName":"Juice & Smoothies","subCategoryName":"Cold-Pressed Juice","title":"Organic Glow","producer":"Urban Remedy","photoPath":"https://goodeggs4.imgix.net/df50fa2a-8cb0-4897-b981-a941f4b1d615.jpg?w=380&h=238&fm=jpg&auto=compress&fit=crop","price":"7.99","pricePer":"$0.66 / fl oz","purchaseUnit":"12 fl oz"},{"mainCategory":"Drinks","categoryName":"Juice & Smoothies","subCategoryName":"Cold-Pressed Juice","title":"Organic Deep Cleaning Juice","producer":"Urban Remedy","photoPath":"https://goodeggs4.imgix.net/21fda085-cc49-4f76-9857-45369adee372.jpg?w=380&h=238&fm=jpg&auto=compress&fit=crop","price":"7.99","pricePer":"$0.66 / fl oz","purchaseUnit":"12 fl oz"},{"mainCategory":"Drinks","categoryName":"Juice & Smoothies","subCategoryName":"Cold-Pressed Juice","title":"Organic After Party","producer":"Urban Remedy","photoPath":"https://goodeggs4.imgix.net/40535e2f-a69e-4d91-b291-9177047af4fc.jpg?w=380&h=238&fm=jpg&auto=compress&fit=crop","price":"7.99","pricePer":"$0.66 / fl oz","purchaseUnit":"12 fl oz"},{"mainCategory":"Drinks","categoryName":"Juice & Smoothies","subCategoryName":"Cold-Pressed Juice","title":"Organic Boost","producer":"Urban Remedy","photoPath":"https://goodeggs4.imgix.net/50c5e5bc-f9d1-4e6e-ae74-b3a9e9cf4f43.jpg?w=380&h=238&fm=jpg&auto=compress&fit=crop","price":"6.99","pricePer":"$0.58 / fl oz","purchaseUnit":"12 fl oz"},{"mainCategory":"Drinks","categoryName":"Juice & Smoothies","subCategoryName":"Cold-Pressed Juice","title":"Organic Apple Juice","producer":"Apple a Day ","photoPath":"https://goodeggs4.imgix.net/999e3d2f-3368-4a57-b012-b8ab420ea644.jpg?w=380&h=238&fm=jpg&auto=compress&fit=crop","price":"7.49","pricePer":"$0.12 / fl oz","purchaseUnit":"1 half gallon"},{"mainCategory":"Drinks","categoryName":"Juice & Smoothies","subCategoryName":"Cold-Pressed Juice","title":"Organic Apple Juice","producer":"Apple a Day ","photoPath":"https://goodeggs4.imgix.net/cb4f93e0-601c-4165-bf20-519a08749cc9.jpg?w=380&h=238&fm=jpg&auto=compress&fit=crop","price":"2.99","pricePer":"$0.19 / fl oz","purchaseUnit":"1 pint"},{"mainCategory":"Drinks","categoryName":"Juice & Smoothies","subCategoryName":"Cold-Pressed Juice","title":"Green Ginger","producer":"Project Juice","photoPath":"https://goodeggs4.imgix.net/f3467feb-8001-47a5-89f5-803cdb550bd7.jpg?w=380&h=238&fm=jpg&auto=compress&fit=crop","price":"10.99","pricePer":"$0.75 / fl oz","purchaseUnit":"14.5 fl oz"},{"mainCategory":"Drinks","categoryName":"Juice & Smoothies","subCategoryName":"Cold-Pressed Juice","title":"D-Tox","producer":"Project Juice","photoPath":"https://goodeggs4.imgix.net/7222876f-64e1-4242-aa6f-f14d7faba93b.jpg?w=380&h=238&fm=jpg&auto=compress&fit=crop","price":"10.99","pricePer":"$0.75 / fl oz","purchaseUnit":"14.5 fl oz"},{"mainCategory":"Drinks","categoryName":"Juice & Smoothies","subCategoryName":"Cold-Pressed Juice","title":"Deep Green","producer":"Project Juice","photoPath":"https://goodeggs4.imgix.net/4bf404de-64b3-409e-a6b8-7717c60a3d50.jpg?w=380&h=238&fm=jpg&auto=compress&fit=crop","price":"10.99","pricePer":"$0.75 / fl oz","purchaseUnit":"14.5 fl oz"},{"mainCategory":"Drinks","categoryName":"Juice & Smoothies","subCategoryName":"Cold-Pressed Juice","title":"Black Magic","producer":"Project Juice","photoPath":"https://goodeggs4.imgix.net/221f60f2-2d03-45e4-931b-2811e75ac498.jpg?w=380&h=238&fm=jpg&auto=compress&fit=crop","price":"8.99","pricePer":"$0.62 / fl oz","purchaseUnit":"14.5 fl oz"},{"mainCategory":"Drinks","categoryName":"Juice & Smoothies","subCategoryName":"Cold-Pressed Juice","title":"Immunity","producer":"Project Juice","photoPath":"https://goodeggs4.imgix.net/93a6edf7-5484-45d8-bd5a-e55921e4d40b.jpg?w=380&h=238&fm=jpg&auto=compress&fit=crop","price":"10.99","pricePer":"$0.75 / fl oz","purchaseUnit":"14.5 fl oz"},{"mainCategory":"Drinks","categoryName":"Juice & Smoothies","subCategoryName":"Cold-Pressed Juice","title":"Immune Boost","producer":"Project Juice","photoPath":"https://goodeggs4.imgix.net/b3044526-2c7e-4fa4-8b51-825ee6d87e9b.jpg?w=380&h=238&fm=jpg&auto=compress&fit=crop","price":"4.99","pricePer":"$2.49 / fl oz","purchaseUnit":"2 fl oz"},{"mainCategory":"Drinks","categoryName":"Juice & Smoothies","subCategoryName":"Cold-Pressed Juice","title":"Organic Cali Orange Juice","producer":"Happy Moose Juice","photoPath":"https://goodeggs4.imgix.net/f416966c-ba54-4d0a-a1d8-c99bb1f178a0.jpg?w=380&h=238&fm=jpg&auto=compress&fit=crop","price":"6.49","pricePer":"$0.54 / fl oz","purchaseUnit":"12 fl oz"},{"mainCategory":"Drinks","categoryName":"Juice & Smoothies","subCategoryName":"Cold-Pressed Juice","title":"Organic Blood Orange Bliss Juice","producer":"Happy Moose Juice","photoPath":"https://goodeggs4.imgix.net/bf0a6df3-8f6b-4ecc-84a1-0e88e34dbb76.jpg?w=380&h=238&fm=jpg&auto=compress&fit=crop","price":"6.49","pricePer":"$0.54 / fl oz","purchaseUnit":"12 fl oz"},{"mainCategory":"Drinks","categoryName":"Juice & Smoothies","subCategoryName":"Cold-Pressed Juice","title":"Organic Chard Knock Life","producer":"Happy Moose Juice","photoPath":"https://goodeggs4.imgix.net/de74bb65-e22c-4187-bc39-f7e47d3369e0.jpg?w=380&h=238&fm=jpg&auto=compress&fit=crop","price":"6.49","pricePer":"$0.54 / fl oz","purchaseUnit":"12 fl oz"},{"mainCategory":"Drinks","categoryName":"Juice & Smoothies","subCategoryName":"Cold-Pressed Juice","title":"Strawberry Fields","producer":"Happy Moose Juice","photoPath":"https://goodeggs4.imgix.net/d2942973-274e-4a0b-b746-2bf025a2abae.jpg?w=380&h=238&fm=jpg&auto=compress&fit=crop","price":"6.49","pricePer":"$0.54 / fl oz","purchaseUnit":"12 fl oz"},{"mainCategory":"Drinks","categoryName":"Juice & Smoothies","subCategoryName":"Cold-Pressed Juice","title":"Organic Apple Bottom Greens","producer":"Happy Moose Juice","photoPath":"https://goodeggs4.imgix.net/87ac6b1e-8fae-4e8a-81dd-60e435006d2f.jpg?w=380&h=238&fm=jpg&auto=compress&fit=crop","price":"6.49","pricePer":"$0.54 / fl oz","purchaseUnit":"12 fl oz"},{"mainCategory":"Drinks","categoryName":"Juice & Smoothies","subCategoryName":"Cold-Pressed Juice","title":"Blood Orange Bliss Juice","producer":"Happy Moose Juice","photoPath":"https://goodeggs4.imgix.net/2724c469-6e08-4463-966e-934d209a1128.jpg?w=380&h=238&fm=jpg&auto=compress&fit=crop","price":"15.99","pricePer":"$0.47 / fl oz","purchaseUnit":"1 liter"},{"mainCategory":"Drinks","categoryName":"Juice & Smoothies","subCategoryName":"Cold-Pressed Juice","title":"Lemon-Aid Detox","producer":"Happy Moose Juice","photoPath":"https://goodeggs4.imgix.net/909e07d8-b8fb-41cc-816c-68c48aec63bb.jpg?w=380&h=238&fm=jpg&auto=compress&fit=crop","price":"6.49","pricePer":"$0.54 / fl oz","purchaseUnit":"12 fl oz"},{"mainCategory":"Drinks","categoryName":"Juice & Smoothies","subCategoryName":"Cold-Pressed Juice","title":"Hella Berry Probiotic Coconut Milk Smoothie","producer":"Happy Moose Juice","photoPath":"https://goodeggs4.imgix.net/c016b423-1663-43e9-92ec-8000b8691fd8.jpg?w=380&h=238&fm=jpg&auto=compress&fit=crop","price":"6.49","pricePer":"$0.54 / fl oz","purchaseUnit":"12 fl oz"},{"mainCategory":"Drinks","categoryName":"Juice & Smoothies","subCategoryName":"Cold-Pressed Juice","title":"Strawberry Lemonade","producer":"Gourmonade","photoPath":"https://goodeggs4.imgix.net/ae984723-d6b3-4633-b7e1-eaef6ffc9a8f.jpg?w=380&h=238&fm=jpg&auto=compress&fit=crop","price":"6.49","pricePer":null,"purchaseUnit":"10 fl oz"},{"mainCategory":"Drinks","categoryName":"Juice & Smoothies","subCategoryName":"Cold-Pressed Juice","title":"Original Lemonade","producer":"Gourmonade","photoPath":"https://goodeggs4.imgix.net/1c3d96bc-e737-40e8-b830-795800448746.jpg?w=380&h=238&fm=jpg&auto=compress&fit=crop","price":"6.49","pricePer":null,"purchaseUnit":"10 fl oz"},{"mainCategory":"Drinks","categoryName":"Juice & Smoothies","subCategoryName":"Cold-Pressed Juice","title":"Jasmine Palmer Lemonade","producer":"Gourmonade","photoPath":"https://goodeggs4.imgix.net/c29cb970-caec-421a-be3c-9836b5a3ca4b.jpg?w=380&h=238&fm=jpg&auto=compress&fit=crop","price":"6.49","pricePer":null,"purchaseUnit":"10 fl oz"},{"mainCategory":"Drinks","categoryName":"Juice & Smoothies","subCategoryName":"Cold-Pressed Juice","title":"Zero Sugar Lemonade","producer":"Gourmonade","photoPath":"https://goodeggs4.imgix.net/57cc83ef-3227-47f8-b2bd-e25929dc1771.jpg?w=380&h=238&fm=jpg&auto=compress&fit=crop","price":"6.49","pricePer":null,"purchaseUnit":"10 fl oz"},{"mainCategory":"Drinks","categoryName":"Water & Seltzer","subCategoryName":"Plant-Based Water","title":"Organic Coconut Water","producer":"Harmless Harvest","photoPath":"https://goodeggs4.imgix.net/1c46d81e-869d-4d24-b45c-0f5f7cf34d77.jpg?w=380&h=238&fm=jpg&auto=compress&fit=crop","price":"9.99","pricePer":"$0.31 / fl oz","purchaseUnit":"32 fl oz"},{"mainCategory":"Drinks","categoryName":"Water & Seltzer","subCategoryName":"Sparkling Water","title":"Sparkling Mineral Water","producer":"Topo Chico","photoPath":"https://goodeggs4.imgix.net/18ca1624-84d8-478c-a39e-1fcae61aec69.jpg?w=380&h=238&fm=jpg&auto=compress&fit=crop","price":"12.99","pricePer":"$0.09 / fl oz","purchaseUnit":"12 count"},{"mainCategory":"Drinks","categoryName":"Water & Seltzer","subCategoryName":"Sparkling Water","title":"Sparkling Grapefruit Mineral Water","producer":"Topo Chico","photoPath":"https://goodeggs4.imgix.net/d201d8f5-05ed-44cb-9a6e-0163a4d0d700.jpg?w=380&h=238&fm=jpg&auto=compress&fit=crop","price":"4.99","pricePer":"$0.10 / fl oz","purchaseUnit":"4 count"},{"mainCategory":"Drinks","categoryName":"Water & Seltzer","subCategoryName":"Sparkling Water","title":"Sparkling Lime Mineral Water","producer":"Topo Chico","photoPath":"https://goodeggs4.imgix.net/f5c7534e-6e99-4bc9-8de6-d5efc538fcac.jpg?w=380&h=238&fm=jpg&auto=compress&fit=crop","price":"4.99","pricePer":"$0.10 / fl oz","purchaseUnit":"4 count"},{"mainCategory":"Drinks","categoryName":"Water & Seltzer","subCategoryName":"Sparkling Water","title":"Grapefruit Sparkling Water","producer":"Spindrift","photoPath":"https://goodeggs4.imgix.net/5a807820-b9d1-4672-8e6a-21d61ff95e67.jpg?w=380&h=238&fm=jpg&auto=compress&fit=crop","price":"7.99","pricePer":"$0.08 / fl oz","purchaseUnit":"8 count"},{"mainCategory":"Drinks","categoryName":"Water & Seltzer","subCategoryName":"Sparkling Water","title":"Lemon Sparkling Water","producer":"Spindrift","photoPath":"https://goodeggs4.imgix.net/891be5e4-f798-4b4a-9523-a1428e6f878d.jpg?w=380&h=238&fm=jpg&auto=compress&fit=crop","price":"7.99","pricePer":"$0.08 / fl oz","purchaseUnit":"8 count"},{"mainCategory":"Drinks","categoryName":"Water & Seltzer","subCategoryName":"Sparkling Water","title":"Raspberry Lime Sparkling Water","producer":"Spindrift","photoPath":"https://goodeggs4.imgix.net/86ede7e2-92ce-431c-9aeb-5a60881af88f.jpg?w=380&h=238&fm=jpg&auto=compress&fit=crop","price":"7.99","pricePer":"$0.08 / fl oz","purchaseUnit":"8 count"},{"mainCategory":"Drinks","categoryName":"Water & Seltzer","subCategoryName":"Sparkling Water","title":"Blackberry Sparkling Water","producer":"Spindrift","photoPath":"https://goodeggs4.imgix.net/9e6abd6a-2864-4b62-a59c-de6787bfd2b7.jpg?w=380&h=238&fm=jpg&auto=compress&fit=crop","price":"7.99","pricePer":"$0.08 / fl oz","purchaseUnit":"8 count"},{"mainCategory":"Drinks","categoryName":"Water & Seltzer","subCategoryName":"Sparkling Water","title":"Grapefruit Sparkling Water","producer":"Waterloo Sparkling Water","photoPath":"https://goodeggs4.imgix.net/128325b6-6618-45c1-80bc-b5e944aa6691.jpg?w=380&h=238&fm=jpg&auto=compress&fit=crop","price":"4.99","pricePer":"$0.05 / fl oz","purchaseUnit":"8 count"},{"mainCategory":"Drinks","categoryName":"Water & Seltzer","subCategoryName":"Sparkling Water","title":"Black Cherry Sparkling Water","producer":"Waterloo Sparkling Water","photoPath":"https://goodeggs4.imgix.net/3e6e83c9-3d08-41f4-910a-e27af0c1cf90.jpg?w=380&h=238&fm=jpg&auto=compress&fit=crop","price":"4.99","pricePer":"$0.05 / fl oz","purchaseUnit":"8 count"},{"mainCategory":"Drinks","categoryName":"Water & Seltzer","subCategoryName":"Sparkling Water","title":"Lemon-Lime Sparkling Water","producer":"Waterloo Sparkling Water","photoPath":"https://goodeggs4.imgix.net/2194378e-b220-4771-ba68-bb0579b81e89.jpg?w=380&h=238&fm=jpg&auto=compress&fit=crop","price":"4.99","pricePer":"$0.05 / fl oz","purchaseUnit":"8 count"},{"mainCategory":"Drinks","categoryName":"Water & Seltzer","subCategoryName":"Sparkling Water","title":"Strawberry Sparkling Water","producer":"Waterloo Sparkling Water","photoPath":"https://goodeggs4.imgix.net/bc50a6bf-e41d-4564-bf17-fe35adc1fece.jpg?w=380&h=238&fm=jpg&auto=compress&fit=crop","price":"4.99","pricePer":"$0.05 / fl oz","purchaseUnit":"8 count"},{"mainCategory":"Drinks","categoryName":"Water & Seltzer","subCategoryName":"Sparkling Water","title":"Watermelon Sparkling Water","producer":"Waterloo Sparkling Water","photoPath":"https://goodeggs4.imgix.net/0f3c81a2-5956-4b24-9df6-7e242ea4fc24.jpg?w=380&h=238&fm=jpg&auto=compress&fit=crop","price":"4.99","pricePer":"$0.05 / fl oz","purchaseUnit":"8 count"},{"mainCategory":"Drinks","categoryName":"Water & Seltzer","subCategoryName":"Sparkling Water","title":"Grape Sparkling Water","producer":"Waterloo Sparkling Water","photoPath":"https://goodeggs4.imgix.net/de65cd62-e052-4755-bdd0-9ac74423aeb9.jpg?w=380&h=238&fm=jpg&auto=compress&fit=crop","price":"4.99","pricePer":"$0.05 / fl oz","purchaseUnit":"8 count"},{"mainCategory":"Drinks","categoryName":"Water & Seltzer","subCategoryName":"Sparkling Water","title":"Lychee Sparkling Water","producer":"Sanzo","photoPath":"https://goodeggs4.imgix.net/4bab3d0e-cce3-4430-bb3d-759ce8bead32.jpg?w=380&h=238&fm=jpg&auto=compress&fit=crop","price":"2.99","pricePer":null,"purchaseUnit":"12 fl oz"},{"mainCategory":"Drinks","categoryName":"Water & Seltzer","subCategoryName":"Sparkling Water","title":"Alphonso Mango Sparkling Water","producer":"Sanzo","photoPath":"https://goodeggs4.imgix.net/007585f8-6d65-4ea4-b9b0-3cf1d6058ddd.jpg?w=380&h=238&fm=jpg&auto=compress&fit=crop","price":"2.99","pricePer":null,"purchaseUnit":"12 fl oz"},{"mainCategory":"Drinks","categoryName":"Water & Seltzer","subCategoryName":"Sparkling Water","title":"Calamansi Sparkling Water","producer":"Sanzo","photoPath":"https://goodeggs4.imgix.net/d7518880-7504-4f8b-8e75-0df770dbe64b.jpg?w=380&h=238&fm=jpg&auto=compress&fit=crop","price":"2.99","pricePer":null,"purchaseUnit":"12 fl oz"},{"mainCategory":"Drinks","categoryName":"Water & Seltzer","subCategoryName":"Sparkling Water","title":"Lime Ginger Organic Sparkling Water","producer":"Nixie Sparkling Water","photoPath":"https://goodeggs4.imgix.net/e1ad3b6e-4cfb-4414-b079-988a6fcc40f8.jpg?w=380&h=238&fm=jpg&auto=compress&fit=crop","price":"6.99","pricePer":"$0.07 / fl oz","purchaseUnit":"8 count"},{"mainCategory":"Drinks","categoryName":"Water & Seltzer","subCategoryName":"Sparkling Water","title":"Peach Black Tea Organic Sparkling Water","producer":"Nixie Sparkling Water","photoPath":"https://goodeggs4.imgix.net/16b2947c-4131-4bf1-a5bb-ed8d1e38b198.jpg?w=380&h=238&fm=jpg&auto=compress&fit=crop","price":"6.99","pricePer":"$0.07 / fl oz","purchaseUnit":"8 count"},{"mainCategory":"Drinks","categoryName":"Water & Seltzer","subCategoryName":"Sparkling Water","title":"Watermelon Mint Organic Sparkling Water","producer":"Nixie Sparkling Water","photoPath":"https://goodeggs4.imgix.net/c3560ee1-6722-41b0-93b8-d907a35f1ce6.jpg?w=380&h=238&fm=jpg&auto=compress&fit=crop","price":"6.99","pricePer":"$0.07 / fl oz","purchaseUnit":"8 count"},{"mainCategory":"Drinks","categoryName":"Water & Seltzer","subCategoryName":"Sparkling Water","title":"Grapefruit Organic Sparkling Water","producer":"Nixie Sparkling Water","photoPath":"https://goodeggs4.imgix.net/49ea6155-c31f-4914-80c7-6c633a7f2ed3.jpg?w=380&h=238&fm=jpg&auto=compress&fit=crop","price":"6.99","pricePer":"$0.07 / fl oz","purchaseUnit":"8 count"},{"mainCategory":"Drinks","categoryName":"Water & Seltzer","subCategoryName":"Sparkling Water","title":"Pomegranate Green Tea Organic Sparkling Water","producer":"Nixie Sparkling Water","photoPath":"https://goodeggs4.imgix.net/57d6590d-91e7-42ce-855e-2b078270722e.jpg?w=380&h=238&fm=jpg&auto=compress&fit=crop","price":"6.99","pricePer":"$0.07 / fl oz","purchaseUnit":"8 count"},{"mainCategory":"Drinks","categoryName":"Water & Seltzer","subCategoryName":"Sparkling Water","title":"Lemon Organic Sparkling Water","producer":"Nixie Sparkling Water","photoPath":"https://goodeggs4.imgix.net/3b0f2e84-15cd-4195-82b8-07c7ace205d7.jpg?w=380&h=238&fm=jpg&auto=compress&fit=crop","price":"6.99","pricePer":"$0.07 / fl oz","purchaseUnit":"8 count"},{"mainCategory":"Drinks","categoryName":"Water & Seltzer","subCategoryName":"Sparkling Water","title":"Lime Organic Sparkling Water","producer":"Nixie Sparkling Water","photoPath":"https://goodeggs4.imgix.net/be46f261-3b8f-4159-aa62-560a41a10c35.jpg?w=380&h=238&fm=jpg&auto=compress&fit=crop","price":"6.99","pricePer":"$0.07 / fl oz","purchaseUnit":"8 count"},{"mainCategory":"Drinks","categoryName":"Water & Seltzer","subCategoryName":"Sparkling Water","title":"Sparkling Spring Water","producer":"Mountain Valley Spring Water","photoPath":"https://goodeggs4.imgix.net/35beb401-a8c2-405e-aa9b-cf08dc8c9357.jpg?w=380&h=238&fm=jpg&auto=compress&fit=crop","price":"1.49","pricePer":"$0.09 / fl oz","purchaseUnit":"16.9 fl oz"},{"mainCategory":"Drinks","categoryName":"Water & Seltzer","subCategoryName":"Sparkling Water","title":"White Peach Sparkling Water","producer":"Mountain Valley Spring Water","photoPath":"https://goodeggs4.imgix.net/e3ce0507-7eb3-4e69-933d-9c7f4bc19f97.jpg?w=380&h=238&fm=jpg&auto=compress&fit=crop","price":"2.99","pricePer":"$0.09 / fl oz","purchaseUnit":"33.8 fl oz"},{"mainCategory":"Drinks","categoryName":"Water & Seltzer","subCategoryName":"Sparkling Water","title":"Blackberry Pomegranate Sparkling Water","producer":"Mountain Valley Spring Water","photoPath":"https://goodeggs4.imgix.net/1a6d3bdd-0dfe-439c-9739-0572d895caca.jpg?w=380&h=238&fm=jpg&auto=compress&fit=crop","price":"2.99","pricePer":"$0.09 / fl oz","purchaseUnit":"33.8 fl oz"},{"mainCategory":"Drinks","categoryName":"Water & Seltzer","subCategoryName":"Sparkling Water","title":"Lime Twist Sparkling Water","producer":"Mountain Valley Spring Water","photoPath":"https://goodeggs4.imgix.net/07e2b3b7-7829-41c0-b58f-2724a3e899fb.jpg?w=380&h=238&fm=jpg&auto=compress&fit=crop","price":"2.99","pricePer":"$0.09 / fl oz","purchaseUnit":"33.8 fl oz"},{"mainCategory":"Drinks","categoryName":"Water & Seltzer","subCategoryName":"Sparkling Water","title":"Sparkling Spring Water","producer":"Mountain Valley Spring Water","photoPath":"https://goodeggs4.imgix.net/6c17d202-08d3-4bc7-a7de-05e5f4b30624.jpg?w=380&h=238&fm=jpg&auto=compress&fit=crop","price":"2.99","pricePer":"$0.09 / fl oz","purchaseUnit":"33.8 fl oz"},{"mainCategory":"Drinks","categoryName":"Water & Seltzer","subCategoryName":"Sparkling Water","title":"Energy & Immunity Grapefruit Sparkling Water","producer":"heywell","photoPath":"https://goodeggs4.imgix.net/05f53f8d-f1f5-4818-96dc-19ee6366b1f9.jpg?w=380&h=238&fm=jpg&auto=compress&fit=crop","price":"3.99","pricePer":"$0.33 / fl oz","purchaseUnit":"12 fl oz"},{"mainCategory":"Drinks","categoryName":"Water & Seltzer","subCategoryName":"Sparkling Water","title":"Calm & Restore Blackberry Ginger Sparkling Water","producer":"heywell","photoPath":"https://goodeggs4.imgix.net/3b662dec-cfea-42d4-9b3b-276ef624e9aa.jpg?w=380&h=238&fm=jpg&auto=compress&fit=crop","price":"3.99","pricePer":"$0.33 / fl oz","purchaseUnit":"12 fl oz"},{"mainCategory":"Drinks","categoryName":"Water & Seltzer","subCategoryName":"Sparkling Water","title":"Energy & Focus Strawberry Lemon Sparkling Water","producer":"heywell","photoPath":"https://goodeggs4.imgix.net/4b9c44fd-f9f5-40d6-aada-e4858b3be726.jpg?w=380&h=238&fm=jpg&auto=compress&fit=crop","price":"3.99","pricePer":"$0.33 / fl oz","purchaseUnit":"12 fl oz"},{"mainCategory":"Drinks","categoryName":"Water & Seltzer","subCategoryName":"Sparkling Water","title":"Virgin Gin & Tonic","producer":"Saint Ivy","photoPath":"https://goodeggs4.imgix.net/4c898e0c-5706-4175-879d-991328e8e0a3.jpg?w=380&h=238&fm=jpg&auto=compress&fit=crop","price":"9.99","pricePer":null,"purchaseUnit":"4 count"},{"mainCategory":"Drinks","categoryName":"Water & Seltzer","subCategoryName":"Sparkling Water","title":"Virgin Moscow Mule","producer":"Saint Ivy","photoPath":"https://goodeggs4.imgix.net/8fd3f2e9-ef06-49b0-a3a2-aa23cd6ad7da.jpg?w=380&h=238&fm=jpg&auto=compress&fit=crop","price":"9.99","pricePer":null,"purchaseUnit":"4 count"},{"mainCategory":"Drinks","categoryName":"Water & Seltzer","subCategoryName":"Sparkling Water","title":"Club Soda Cans","producer":"Q Mixers ","photoPath":"https://goodeggs4.imgix.net/642e578b-e24d-4aca-ba53-0356b448151e.jpg?w=380&h=238&fm=jpg&auto=compress&fit=crop","price":"4.99","pricePer":"$0.17 / fl oz","purchaseUnit":"4 count"},{"mainCategory":"Drinks","categoryName":"Water & Seltzer","subCategoryName":"Sparkling Water","title":"Peach Fizz Water","producer":"Hint","photoPath":"https://goodeggs4.imgix.net/c28d5c0d-772b-4c6b-82f9-5bbefae2b483.jpg?w=380&h=238&fm=jpg&auto=compress&fit=crop","price":"1.69","pricePer":"$0.10 / fl oz","purchaseUnit":"16.9 fl oz"},{"mainCategory":"Drinks","categoryName":"Water & Seltzer","subCategoryName":"Sparkling Water","title":"Cherry Fizz Water","producer":"Hint","photoPath":"https://goodeggs4.imgix.net/52f55457-5b43-45a3-854c-dd55981fa1d0.jpg?w=380&h=238&fm=jpg&auto=compress&fit=crop","price":"1.69","pricePer":"$0.10 / fl oz","purchaseUnit":"16.9 fl oz"},{"mainCategory":"Drinks","categoryName":"Water & Seltzer","subCategoryName":"Sparkling Water","title":"Grapefruit Fizz Water","producer":"Hint","photoPath":"https://goodeggs4.imgix.net/28fe65d0-a475-41bc-847a-977586446f1a.jpg?w=380&h=238&fm=jpg&auto=compress&fit=crop","price":"1.69","pricePer":"$0.10 / fl oz","purchaseUnit":"16.9 fl oz"},{"mainCategory":"Drinks","categoryName":"Water & Seltzer","subCategoryName":"Bulk","title":"Sparkling Mineral Water","producer":"Topo Chico","photoPath":"https://goodeggs4.imgix.net/18ca1624-84d8-478c-a39e-1fcae61aec69.jpg?w=380&h=238&fm=jpg&auto=compress&fit=crop","price":"12.99","pricePer":"$0.09 / fl oz","purchaseUnit":"12 count"},{"mainCategory":"Drinks","categoryName":"Water & Seltzer","subCategoryName":"Bulk","title":"Case of Sparkling Spring Water","producer":"Mountain Valley Spring Water","photoPath":"https://goodeggs4.imgix.net/26571cd6-2eba-45ec-b0cf-651dbb60846b.jpg?w=380&h=238&fm=jpg&auto=compress&fit=crop","price":"29.99","pricePer":"$0.07 / fl oz","purchaseUnit":"1 count"},{"mainCategory":"Drinks","categoryName":"Water & Seltzer","subCategoryName":"Bulk","title":"Case of Spring Water","producer":"Mountain Valley Spring Water","photoPath":"https://goodeggs4.imgix.net/ccf8bde6-ec05-4d66-b54d-7c53afa662b6.jpg?w=380&h=238&fm=jpg&auto=compress&fit=crop","price":"29.99","pricePer":"$0.07 / fl oz","purchaseUnit":"12 count"},{"mainCategory":"Drinks","categoryName":"Water & Seltzer","subCategoryName":"Bulk","title":"Apple Infused Water","producer":"Hint","photoPath":"https://goodeggs4.imgix.net/94b848c5-99fc-4ff3-8435-68cd6350a81e.jpg?w=380&h=238&fm=jpg&auto=compress&fit=crop","price":"4.99","pricePer":"$0.09 / fl oz","purchaseUnit":"8 count"},{"mainCategory":"Drinks","categoryName":"Water & Seltzer","subCategoryName":"Bulk","title":"Variety Pack of Water","producer":"Hint","photoPath":"https://goodeggs4.imgix.net/ea14c345-68bc-42ed-957b-9102dc65f76d.jpg?w=380&h=238&fm=jpg&auto=compress&fit=crop","price":"19.99","pricePer":"$0.10 / fl oz","purchaseUnit":"12 count"},{"mainCategory":"Drinks","categoryName":"Water & Seltzer","subCategoryName":"Bulk","title":"Case of Alkaline Water","producer":"Essentia Water","photoPath":"https://goodeggs4.imgix.net/f10f9c4c-6a07-4355-b227-6bb9ec8e3139.jpg?w=380&h=238&fm=jpg&auto=compress&fit=crop","price":"12.99","pricePer":"$0.06 / fl oz","purchaseUnit":"6 count"},{"mainCategory":"Drinks","categoryName":"Water & Seltzer","subCategoryName":"Bulk","title":"Case of Natural Spring Water (500 ml)","producer":"Crystal Geyser","photoPath":"https://goodeggs4.imgix.net/26afefb9-7a32-40d3-a194-7f0f36ac7c39.jpg?w=380&h=238&fm=jpg&auto=compress&fit=crop","price":"6.99","pricePer":"$0.02 / fl oz","purchaseUnit":"24 count"},{"mainCategory":"Drinks","categoryName":"Water & Seltzer","subCategoryName":"Bulk","title":"Case of Natural Spring Water","producer":"Crystal Geyser","photoPath":"https://goodeggs4.imgix.net/fb44494f-70e0-4f43-9e25-cd265ba49116.jpg?w=380&h=238&fm=jpg&auto=compress&fit=crop","price":"10.99","pricePer":"$0.02 / fl oz","purchaseUnit":"12 count"},{"mainCategory":"Drinks","categoryName":"Water & Seltzer","subCategoryName":"Bulk","title":"Case of Natural Spring Water (700 ml)","producer":"Crystal Geyser","photoPath":"https://goodeggs4.imgix.net/fff9130d-bcc2-418c-afee-c3d5f07f0fc1.jpg?w=380&h=238&fm=jpg&auto=compress&fit=crop","price":"12.99","pricePer":"$0.02 / fl oz","purchaseUnit":"24 count"},{"mainCategory":"Drinks","categoryName":"Water & Seltzer","subCategoryName":"Bulk","title":"Case of Natural Spring Water","producer":"Crystal Geyser","photoPath":"https://goodeggs4.imgix.net/14793a61-d27a-448f-b140-5c75062705a9.jpg?w=380&h=238&fm=jpg&auto=compress&fit=crop","price":"12.99","pricePer":"$0.03 / fl oz","purchaseUnit":"15 count"},{"mainCategory":"Drinks","categoryName":"Water & Seltzer","subCategoryName":"Bulk","title":"Case of Purified Water in Refillable Aluminum Bottle","producer":"Pathwater","photoPath":"https://goodeggs4.imgix.net/92401bcc-5c96-4463-9e8e-b870ec4577a8.jpg?w=380&h=238&fm=jpg&auto=compress&fit=crop","price":"22.99","pricePer":"$0.10 / fl oz","purchaseUnit":"12 count"},{"mainCategory":"Drinks","categoryName":"Water & Seltzer","subCategoryName":"Still Water","title":"Natural Spring Water","producer":"Crystal Geyser","photoPath":"https://goodeggs4.imgix.net/608563e5-ae6b-4b9f-a49d-cd46e73d57bd.jpg?w=380&h=238&fm=jpg&auto=compress&fit=crop","price":"1.99","pricePer":"$0.02 / fl oz","purchaseUnit":"1 gallon"},{"mainCategory":"Drinks","categoryName":"Water & Seltzer","subCategoryName":"Still Water","title":"Natural Spring Water","producer":"Crystal Geyser","photoPath":"https://goodeggs4.imgix.net/d6dc109c-7089-4cd2-92ff-d3595ee57e88.jpg?w=380&h=238&fm=jpg&auto=compress&fit=crop","price":"6.49","pricePer":"$0.03 / fl oz","purchaseUnit":"6 count"},{"mainCategory":"Drinks","categoryName":"Water & Seltzer","subCategoryName":"Still Water","title":"Spring Water","producer":"Mountain Valley Spring Water","photoPath":"https://goodeggs4.imgix.net/d28f1e62-d040-4abc-bb7c-9409df7c7a65.jpg?w=380&h=238&fm=jpg&auto=compress&fit=crop","price":"1.49","pricePer":"$0.09 / fl oz","purchaseUnit":"16.9 fl oz"},{"mainCategory":"Drinks","categoryName":"Water & Seltzer","subCategoryName":"Still Water","title":"Spring Water","producer":"Mountain Valley Spring Water","photoPath":"https://goodeggs4.imgix.net/8c8b0705-482c-4064-bfe3-a589142208b2.jpg?w=380&h=238&fm=jpg&auto=compress&fit=crop","price":"2.99","pricePer":"$0.09 / fl oz","purchaseUnit":"33.8 fl oz"},{"mainCategory":"Drinks","categoryName":"Water & Seltzer","subCategoryName":"Still Water","title":"Mango Flavored Vitamin-Fortified Water","producer":"KidsLuv","photoPath":"https://goodeggs4.imgix.net/b987304f-e1a7-40d0-bcf4-1b73aca42da0.jpg?w=380&h=238&fm=jpg&auto=compress&fit=crop","price":"9.99","pricePer":"$0.31 / oz","purchaseUnit":"4 count"},{"mainCategory":"Drinks","categoryName":"Water & Seltzer","subCategoryName":"Still Water","title":"Orange Peach Vitamin-Fortified Water","producer":"KidsLuv","photoPath":"https://goodeggs4.imgix.net/a2ecaea7-6564-4056-8c28-d405646c78e4.jpg?w=380&h=238&fm=jpg&auto=compress&fit=crop","price":"9.99","pricePer":"$0.31 / oz","purchaseUnit":"4 count"},{"mainCategory":"Drinks","categoryName":"Water & Seltzer","subCategoryName":"Still Water","title":"Organic Lemon Infused Spring Water","producer":"JUST Water","photoPath":"https://goodeggs4.imgix.net/743361b2-28d2-4e10-bd8b-422da38fa103.jpg?w=380&h=238&fm=jpg&auto=compress&fit=crop","price":"1.49","pricePer":"$0.09 / fl oz","purchaseUnit":"16.9 fl oz"},{"mainCategory":"Drinks","categoryName":"Water & Seltzer","subCategoryName":"Still Water","title":"100% Spring Water","producer":"JUST Water","photoPath":"https://goodeggs4.imgix.net/ea45e84f-b0f8-4ab0-ab39-2f7bf7fb4bc3.jpg?w=380&h=238&fm=jpg&auto=compress&fit=crop","price":"1.49","pricePer":"$0.09 / fl oz","purchaseUnit":"16.9 fl oz"},{"mainCategory":"Drinks","categoryName":"Water & Seltzer","subCategoryName":"Still Water","title":"Lemon Essence Water","producer":"Hint","photoPath":"https://goodeggs4.imgix.net/c15ce5fe-0fb3-45c7-beae-5c0a685bfcd8.jpg?w=380&h=238&fm=jpg&auto=compress&fit=crop","price":"1.69","pricePer":"$0.11 / fl oz","purchaseUnit":"16 fl oz"},{"mainCategory":"Drinks","categoryName":"Water & Seltzer","subCategoryName":"Still Water","title":"Watermelon Essence Water","producer":"Hint","photoPath":"https://goodeggs4.imgix.net/f27bc23f-2a01-4571-81eb-a0321655e1dd.jpg?w=380&h=238&fm=jpg&auto=compress&fit=crop","price":"1.69","pricePer":"$0.11 / fl oz","purchaseUnit":"16 fl oz"},{"mainCategory":"Drinks","categoryName":"Water & Seltzer","subCategoryName":"Still Water","title":"Pineapple Essence Water","producer":"Hint","photoPath":"https://goodeggs4.imgix.net/e7607e3c-ed2d-4481-859b-8391c111354d.jpg?w=380&h=238&fm=jpg&auto=compress&fit=crop","price":"1.69","pricePer":"$0.11 / fl oz","purchaseUnit":"16 fl oz"},{"mainCategory":"Drinks","categoryName":"Water & Seltzer","subCategoryName":"Still Water","title":"Blackberry Essence Water","producer":"Hint","photoPath":"https://goodeggs4.imgix.net/2376dcc4-cb84-4af8-99a7-b09053537721.jpg?w=380&h=238&fm=jpg&auto=compress&fit=crop","price":"1.69","pricePer":"$0.11 / fl oz","purchaseUnit":"16 fl oz"},{"mainCategory":"Drinks","categoryName":"Water & Seltzer","subCategoryName":"Still Water","title":"Alkaline Water","producer":"Essentia Water","photoPath":"https://goodeggs4.imgix.net/8870391b-1b03-4d8b-8442-887e9ca49aad.jpg?w=380&h=238&fm=jpg&auto=compress&fit=crop","price":"2.49","pricePer":"$0.07 / fl oz","purchaseUnit":"1 liter"},{"mainCategory":"Drinks","categoryName":"Water & Seltzer","subCategoryName":"Still Water","title":"Purified Water in Refillable Aluminum Bottle","producer":"Pathwater","photoPath":"https://goodeggs4.imgix.net/6da77891-b7a8-4733-8a1b-32a5c3974fe7.jpg?w=380&h=238&fm=jpg&auto=compress&fit=crop","price":"2.49","pricePer":"$0.10 / fl oz","purchaseUnit":"25 fl oz"},{"mainCategory":"Drinks","categoryName":"Water & Seltzer","subCategoryName":"Still Water","title":"Purified Water in Refillable Aluminum Bottle","producer":"Pathwater","photoPath":"https://goodeggs4.imgix.net/3f476252-211f-42f5-9f69-418a06767d7d.jpg?w=380&h=238&fm=jpg&auto=compress&fit=crop","price":"1.99","pricePer":"$0.10 / fl oz","purchaseUnit":"20 fl oz"},{"mainCategory":"Drinks","categoryName":"Soda","subCategoryName":"","title":"Cherry Vanilla Sparkling Tonic","producer":"Olipop","photoPath":"https://goodeggs4.imgix.net/1824a882-0bd8-43df-85f5-fa6198c9782d.jpg?w=380&h=238&fm=jpg&auto=compress&fit=crop","price":"2.79","pricePer":"$0.23 / fl oz","purchaseUnit":"12 fl oz"},{"mainCategory":"Drinks","categoryName":"Soda","subCategoryName":"","title":"Strawberry Vanilla Sparkling Tonic","producer":"Olipop","photoPath":"https://goodeggs4.imgix.net/932358db-8414-48b3-8a7c-83ed7eba041a.jpg?w=380&h=238&fm=jpg&auto=compress&fit=crop","price":"2.79","pricePer":"$0.23 / fl oz","purchaseUnit":"12 fl oz"},{"mainCategory":"Drinks","categoryName":"Soda","subCategoryName":"","title":"Vintage Cola Sparkling Tonic","producer":"Olipop","photoPath":"https://goodeggs4.imgix.net/88bb837f-def1-4eb9-b7c5-12b9090336a3.jpg?w=380&h=238&fm=jpg&auto=compress&fit=crop","price":"2.79","pricePer":"$0.23 / fl oz","purchaseUnit":"12 fl oz"},{"mainCategory":"Drinks","categoryName":"Soda","subCategoryName":"","title":"Ginger Lemon Sparkling Tonic","producer":"Olipop","photoPath":"https://goodeggs4.imgix.net/57b1b27a-7238-463c-99ae-af2bf1c51e7b.jpg?w=380&h=238&fm=jpg&auto=compress&fit=crop","price":"2.79","pricePer":"$0.23 / fl oz","purchaseUnit":"12 fl oz"},{"mainCategory":"Drinks","categoryName":"Soda","subCategoryName":"","title":"Root Beer","producer":"Maine Root Handcrafted Beverages","photoPath":"https://goodeggs4.imgix.net/a6a61127-e526-4d8c-bc0f-62e5ab28ab5b.jpg?w=380&h=238&fm=jpg&auto=compress&fit=crop","price":"8.49","pricePer":"$0.18 / fl oz","purchaseUnit":"4 count"},{"mainCategory":"Drinks","categoryName":"Soda","subCategoryName":"","title":"Mexicane Cola","producer":"Maine Root Handcrafted Beverages","photoPath":"https://goodeggs4.imgix.net/a7510586-a6a6-4489-8cec-8a020bc8f9ff.jpg?w=380&h=238&fm=jpg&auto=compress&fit=crop","price":"8.49","pricePer":"$0.18 / fl oz","purchaseUnit":"4 count"},{"mainCategory":"Drinks","categoryName":"Soda","subCategoryName":"","title":"Lemon Lime Soda","producer":"Maine Root Handcrafted Beverages","photoPath":"https://goodeggs4.imgix.net/58418fb8-1069-44c3-9fde-821c7426fa6d.jpg?w=380&h=238&fm=jpg&auto=compress&fit=crop","price":"8.49","pricePer":"$0.18 / fl oz","purchaseUnit":"4 count"},{"mainCategory":"Drinks","categoryName":"Soda","subCategoryName":"","title":"Ginger Brew","producer":"Maine Root Handcrafted Beverages","photoPath":"https://goodeggs4.imgix.net/d2dcd5fe-6a30-40ea-9a38-db793960a724.jpg?w=380&h=238&fm=jpg&auto=compress&fit=crop","price":"8.49","pricePer":"$0.18 / fl oz","purchaseUnit":"4 count"},{"mainCategory":"Drinks","categoryName":"Soda","subCategoryName":"","title":"Blood Orange & Meyer Lemon Ginger Ale","producer":"Bruce Cost","photoPath":"https://goodeggs4.imgix.net/6c221fc3-6a3d-4cb7-9711-947b5390a06d.jpg?w=380&h=238&fm=jpg&auto=compress&fit=crop","price":"6.99","pricePer":"$0.15 / fl oz","purchaseUnit":"4 count"},{"mainCategory":"Drinks","categoryName":"Soda","subCategoryName":"","title":"Original Ginger Ale","producer":"Bruce Cost","photoPath":"https://goodeggs4.imgix.net/7ed0aeac-4401-42e1-872a-07c6fb43b266.jpg?w=380&h=238&fm=jpg&auto=compress&fit=crop","price":"6.99","pricePer":"$0.15 / fl oz","purchaseUnit":"4 count"},{"mainCategory":"Drinks","categoryName":"Soda","subCategoryName":"","title":"Mango Soda","producer":"Wave Soda","photoPath":"https://goodeggs4.imgix.net/186ea623-332f-47b5-a5e5-02a92f2c1fdf.jpg?w=380&h=238&fm=jpg&auto=compress&fit=crop","price":"9.99","pricePer":"$0.14 / fl oz","purchaseUnit":"6 count"},{"mainCategory":"Drinks","categoryName":"Soda","subCategoryName":"","title":"Blueberry Soda","producer":"Wave Soda","photoPath":"https://goodeggs4.imgix.net/15507810-dbd4-40f7-a045-c20cd0dfb5c2.jpg?w=380&h=238&fm=jpg&auto=compress&fit=crop","price":"9.99","pricePer":"$0.14 / fl oz","purchaseUnit":"6 count"},{"mainCategory":"Drinks","categoryName":"Soda","subCategoryName":"","title":"Tangerine Soda","producer":"Wave Soda","photoPath":"https://goodeggs4.imgix.net/984529a5-2437-4c96-b2e5-99af61e4b8e9.jpg?w=380&h=238&fm=jpg&auto=compress&fit=crop","price":"9.99","pricePer":"$0.14 / fl oz","purchaseUnit":"6 count"},{"mainCategory":"Drinks","categoryName":"Soda","subCategoryName":"","title":"Grapefruit Soda","producer":"Wave Soda","photoPath":"https://goodeggs4.imgix.net/918dc86c-7075-4938-b53a-6e85872cdff3.jpg?w=380&h=238&fm=jpg&auto=compress&fit=crop","price":"9.99","pricePer":"$0.14 / fl oz","purchaseUnit":"6 count"},{"mainCategory":"Drinks","categoryName":"Kombucha & Tonics","subCategoryName":"Kombucha","title":"Organic Cherry Hibiscus Sparkling Kombucha","producer":"Revive Kombucha","photoPath":"https://goodeggs4.imgix.net/92ce2cce-bd44-4718-adbf-19dc23fa0a2f.jpg?w=380&h=238&fm=jpg&auto=compress&fit=crop","price":"12.49","pricePer":"$0.26 / fl oz","purchaseUnit":"4 count"},{"mainCategory":"Drinks","categoryName":"Kombucha & Tonics","subCategoryName":"Kombucha","title":"Organic Strawberry Lemon Sparkling Kombucha","producer":"Revive Kombucha","photoPath":"https://goodeggs4.imgix.net/edc58d2d-7b64-4e79-bb73-425939732518.jpg?w=380&h=238&fm=jpg&auto=compress&fit=crop","price":"12.49","pricePer":"$0.26 / fl oz","purchaseUnit":"4 count"},{"mainCategory":"Drinks","categoryName":"Kombucha & Tonics","subCategoryName":"Kombucha","title":"Organic Mango Orange Sparkling Kombucha","producer":"Revive Kombucha","photoPath":"https://goodeggs4.imgix.net/8438ab43-90d4-47f5-8fac-7dfe610e090d.jpg?w=380&h=238&fm=jpg&auto=compress&fit=crop","price":"12.49","pricePer":"$0.26 / fl oz","purchaseUnit":"4 count"},{"mainCategory":"Drinks","categoryName":"Kombucha & Tonics","subCategoryName":"Kombucha","title":"Organic Citrus Ginger Sparkling Kombucha","producer":"Revive Kombucha","photoPath":"https://goodeggs4.imgix.net/60670ec8-7ec6-4798-b638-f2479366714e.jpg?w=380&h=238&fm=jpg&auto=compress&fit=crop","price":"12.49","pricePer":"$0.26 / fl oz","purchaseUnit":"4 count"},{"mainCategory":"Drinks","categoryName":"Kombucha & Tonics","subCategoryName":"Kombucha","title":"Organic Cucumber Lemon Mint Kombucha","producer":"Revive Kombucha","photoPath":"https://goodeggs4.imgix.net/65116eb1-a24d-400e-8fcd-dc61e0781c76.jpg?w=380&h=238&fm=jpg&auto=compress&fit=crop","price":"3.29","pricePer":"$0.27 / fl oz","purchaseUnit":"12 fl oz"},{"mainCategory":"Drinks","categoryName":"Kombucha & Tonics","subCategoryName":"Kombucha","title":"Organic Ginger Lime Kombucha","producer":"Revive Kombucha","photoPath":"https://goodeggs4.imgix.net/0e21d222-ac1e-4c74-bb46-e3c0b32ed625.jpg?w=380&h=238&fm=jpg&auto=compress&fit=crop","price":"3.29","pricePer":"$0.27 / fl oz","purchaseUnit":"12 fl oz"},{"mainCategory":"Drinks","categoryName":"Kombucha & Tonics","subCategoryName":"Kombucha","title":"Organic Original Cola Kombucha","producer":"Revive Kombucha","photoPath":"https://goodeggs4.imgix.net/daf68ebd-4aea-4da4-9e58-787aca2959bc.jpg?w=380&h=238&fm=jpg&auto=compress&fit=crop","price":"3.29","pricePer":"$0.27 / fl oz","purchaseUnit":"12 fl oz"},{"mainCategory":"Drinks","categoryName":"Kombucha & Tonics","subCategoryName":"Kombucha","title":"Organic Hibiscus Refresher Kombucha","producer":"Revive Kombucha","photoPath":"https://goodeggs4.imgix.net/019a404e-0b30-4c2d-9274-1908b914891f.jpg?w=380&h=238&fm=jpg&auto=compress&fit=crop","price":"3.29","pricePer":"$0.27 / fl oz","purchaseUnit":"12 fl oz"},{"mainCategory":"Drinks","categoryName":"Kombucha & Tonics","subCategoryName":"Kombucha","title":"Organic Yerba Mate Ginger Kombucha","producer":"Revive Kombucha","photoPath":"https://goodeggs4.imgix.net/aa7add96-5b88-4f37-9450-5250294d7422.jpg?w=380&h=238&fm=jpg&auto=compress&fit=crop","price":"3.29","pricePer":"$0.27 / fl oz","purchaseUnit":"12 fl oz"},{"mainCategory":"Drinks","categoryName":"Kombucha & Tonics","subCategoryName":"Kombucha","title":"Organic Turmeric Ginger Citrus Kombucha","producer":"Revive Kombucha","photoPath":"https://goodeggs4.imgix.net/c54f30c7-0e76-48c3-bde2-fc71e452a100.jpg?w=380&h=238&fm=jpg&auto=compress&fit=crop","price":"3.29","pricePer":"$0.27 / fl oz","purchaseUnit":"12 fl oz"},{"mainCategory":"Drinks","categoryName":"Kombucha & Tonics","subCategoryName":"Kombucha","title":"Organic Mocha Java Coffee Kombucha","producer":"Revive Kombucha","photoPath":"https://goodeggs4.imgix.net/7139720f-fee3-4407-b01b-289d89e46c03.jpg?w=380&h=238&fm=jpg&auto=compress&fit=crop","price":"3.29","pricePer":"$0.27 / fl oz","purchaseUnit":"12 fl oz"},{"mainCategory":"Drinks","categoryName":"Kombucha & Tonics","subCategoryName":"Kombucha","title":"Organic Pomegranate Kombucha","producer":"Health-Ade Kombucha","photoPath":"https://goodeggs4.imgix.net/372aac3c-728c-4901-b70b-da71c2c103d5.jpg?w=380&h=238&fm=jpg&auto=compress&fit=crop","price":"3.99","pricePer":"$0.25 / fl oz","purchaseUnit":"16 fl oz"},{"mainCategory":"Drinks","categoryName":"Kombucha & Tonics","subCategoryName":"Kombucha","title":"Organic Ginger - Lemon Kombucha","producer":"Health-Ade Kombucha","photoPath":"https://goodeggs4.imgix.net/ff4e165b-e107-40cf-b3cf-71fe465a9d5c.jpg?w=380&h=238&fm=jpg&auto=compress&fit=crop","price":"3.99","pricePer":"$0.25 / fl oz","purchaseUnit":"16 fl oz"},{"mainCategory":"Drinks","categoryName":"Kombucha & Tonics","subCategoryName":"Kombucha","title":"Organic Pink Lady Apple Kombucha","producer":"Health-Ade Kombucha","photoPath":"https://goodeggs4.imgix.net/60670a82-412d-4ae6-adb1-5eb3c654caa0.jpg?w=380&h=238&fm=jpg&auto=compress&fit=crop","price":"3.99","pricePer":"$0.25 / fl oz","purchaseUnit":"16 fl oz"},{"mainCategory":"Drinks","categoryName":"Kombucha & Tonics","subCategoryName":"Kombucha","title":"Organic Blood Orange Carrot Ginger Kombucha","producer":"Health-Ade Kombucha","photoPath":"https://goodeggs4.imgix.net/8312c4b5-a06e-43f0-b094-358094f419cc.jpg?w=380&h=238&fm=jpg&auto=compress&fit=crop","price":"3.99","pricePer":"$0.25 / fl oz","purchaseUnit":"16 fl oz"},{"mainCategory":"Drinks","categoryName":"Kombucha & Tonics","subCategoryName":"Kombucha","title":"Organic California Grape Kombucha","producer":"Health-Ade Kombucha","photoPath":"https://goodeggs4.imgix.net/7810bea1-3c69-4bb3-ac18-faaf1ce28153.jpg?w=380&h=238&fm=jpg&auto=compress&fit=crop","price":"3.99","pricePer":"$0.25 / fl oz","purchaseUnit":"16 fl oz"},{"mainCategory":"Drinks","categoryName":"Kombucha & Tonics","subCategoryName":"Kombucha","title":"Organic The Original Kombucha","producer":"Health-Ade Kombucha","photoPath":"https://goodeggs4.imgix.net/f640aa88-16a3-4c86-923a-3312876d09d6.jpg?w=380&h=238&fm=jpg&auto=compress&fit=crop","price":"3.99","pricePer":"$0.25 / fl oz","purchaseUnit":"16 fl oz"},{"mainCategory":"Drinks","categoryName":"Kombucha & Tonics","subCategoryName":"Kombucha","title":"Organic Cayenne Cleanse Kombucha","producer":"Health-Ade Kombucha","photoPath":"https://goodeggs4.imgix.net/9dc12585-d437-4c1a-ae00-41d47d676f29.jpg?w=380&h=238&fm=jpg&auto=compress&fit=crop","price":"3.99","pricePer":"$0.25 / fl oz","purchaseUnit":"16 fl oz"},{"mainCategory":"Drinks","categoryName":"Kombucha & Tonics","subCategoryName":"Kombucha","title":"Organic Power Greens Kombucha","producer":"Health-Ade Kombucha","photoPath":"https://goodeggs4.imgix.net/5bfc6687-dfec-4b0c-bb55-916c9ba53cea.jpg?w=380&h=238&fm=jpg&auto=compress&fit=crop","price":"3.99","pricePer":"$0.25 / fl oz","purchaseUnit":"16 fl oz"},{"mainCategory":"Drinks","categoryName":"Kombucha & Tonics","subCategoryName":"Kombucha","title":"Organic Rosemary, Mint & Sage Green Tea Kombucha","producer":"Brew Dr. Kombucha","photoPath":"https://goodeggs4.imgix.net/a31ec0ef-c372-484a-8243-3a572f04299d.jpg?w=380&h=238&fm=jpg&auto=compress&fit=crop","price":"9.99","pricePer":"$0.21 / fl oz","purchaseUnit":"4 count"},{"mainCategory":"Drinks","categoryName":"Kombucha & Tonics","subCategoryName":"Kombucha","title":"Organic Superberry Kombucha","producer":"Brew Dr. Kombucha","photoPath":"https://goodeggs4.imgix.net/c87ba44f-2262-4407-94a1-baa1dbcb93a6.jpg?w=380&h=238&fm=jpg&auto=compress&fit=crop","price":"9.99","pricePer":null,"purchaseUnit":"4 count"},{"mainCategory":"Drinks","categoryName":"Kombucha & Tonics","subCategoryName":"Kombucha","title":"Island Mango Kombucha","producer":"Brew Dr. Kombucha","photoPath":"https://goodeggs4.imgix.net/18ae42bc-7c55-11eb-a74a-432eca49252a?w=380&h=238&fm=jpg&auto=compress&fit=crop","price":"9.99","pricePer":"$0.21 / fl oz","purchaseUnit":"4 count"},{"mainCategory":"Drinks","categoryName":"Kombucha & Tonics","subCategoryName":"Kombucha","title":"Organic Ginger Lemon Kombucha","producer":"Brew Dr. Kombucha","photoPath":"https://goodeggs4.imgix.net/628e1708-7e95-431a-9a33-a9301b186163.jpg?w=380&h=238&fm=jpg&auto=compress&fit=crop","price":"9.99","pricePer":null,"purchaseUnit":"4 count"},{"mainCategory":"Drinks","categoryName":"Kombucha & Tonics","subCategoryName":"Kombucha","title":"Organic Jasmine & Lavender Green Tea Kombucha","producer":"Brew Dr. Kombucha","photoPath":"https://goodeggs4.imgix.net/c73e709a-b117-4c43-b2db-2fea009e5550.jpg?w=380&h=238&fm=jpg&auto=compress&fit=crop","price":"9.99","pricePer":"$0.21 / fl oz","purchaseUnit":"4 count"},{"mainCategory":"Drinks","categoryName":"Kombucha & Tonics","subCategoryName":"Kombucha","title":"Organic Lavender Lemonade Kombucha","producer":"House Kombucha","photoPath":"https://goodeggs4.imgix.net/7a7680f9-f8a0-496e-a4cd-4f16ffae4787.jpg?w=380&h=238&fm=jpg&auto=compress&fit=crop","price":"3.99","pricePer":"$0.25 / fl oz","purchaseUnit":"16 fl oz"},{"mainCategory":"Drinks","categoryName":"Kombucha & Tonics","subCategoryName":"Kombucha","title":"Organic Sun Blossom Kombucha","producer":"House Kombucha","photoPath":"https://goodeggs4.imgix.net/08ec2fab-6a84-4fe4-8d9f-b9d32bb8ec10.jpg?w=380&h=238&fm=jpg&auto=compress&fit=crop","price":"3.99","pricePer":"$0.25 / fl oz","purchaseUnit":"16 fl oz"},{"mainCategory":"Drinks","categoryName":"Kombucha & Tonics","subCategoryName":"Kombucha","title":"Organic Rose Black Kombucha","producer":"House Kombucha","photoPath":"https://goodeggs4.imgix.net/ad68169f-edb2-4f6d-84bc-aca586b4649b.jpg?w=380&h=238&fm=jpg&auto=compress&fit=crop","price":"3.99","pricePer":"$0.25 / fl oz","purchaseUnit":"16 fl oz"},{"mainCategory":"Drinks","categoryName":"Kombucha & Tonics","subCategoryName":"Kombucha","title":"Organic Vanilla Sarsaparilla Kombucha","producer":"House Kombucha","photoPath":"https://goodeggs4.imgix.net/50403acd-e1d0-4ce7-a100-fe0df0a39e33.jpg?w=380&h=238&fm=jpg&auto=compress&fit=crop","price":"3.99","pricePer":"$0.25 / fl oz","purchaseUnit":"16 fl oz"},{"mainCategory":"Drinks","categoryName":"Kombucha & Tonics","subCategoryName":"Kombucha","title":"Organic Jasmine Apple Kombucha","producer":"House Kombucha","photoPath":"https://goodeggs4.imgix.net/866bfd90-fc1b-4fd7-8ff3-9fae22872dbc.jpg?w=380&h=238&fm=jpg&auto=compress&fit=crop","price":"3.99","pricePer":"$0.25 / fl oz","purchaseUnit":"16 fl oz"},{"mainCategory":"Drinks","categoryName":"Kombucha & Tonics","subCategoryName":"Kombucha","title":"Organic Citrus Hibiscus Kombucha","producer":"House Kombucha","photoPath":"https://goodeggs4.imgix.net/96310108-0f11-4cd2-b427-c3a16feec3b2.jpg?w=380&h=238&fm=jpg&auto=compress&fit=crop","price":"3.99","pricePer":"$0.25 / fl oz","purchaseUnit":"16 fl oz"},{"mainCategory":"Drinks","categoryName":"Kombucha & Tonics","subCategoryName":"Kombucha","title":"Organic Ginger Fire Kombucha","producer":"House Kombucha","photoPath":"https://goodeggs4.imgix.net/c777657b-bebf-4a7a-86ca-c622426da8d4.jpg?w=380&h=238&fm=jpg&auto=compress&fit=crop","price":"3.99","pricePer":"$0.25 / fl oz","purchaseUnit":"16 fl oz"},{"mainCategory":"Drinks","categoryName":"Kombucha & Tonics","subCategoryName":"Tonics & Probiotics","title":"Cherry Vanilla Sparkling Tonic","producer":"Olipop","photoPath":"https://goodeggs4.imgix.net/1824a882-0bd8-43df-85f5-fa6198c9782d.jpg?w=380&h=238&fm=jpg&auto=compress&fit=crop","price":"2.79","pricePer":"$0.23 / fl oz","purchaseUnit":"12 fl oz"},{"mainCategory":"Drinks","categoryName":"Kombucha & Tonics","subCategoryName":"Tonics & Probiotics","title":"Strawberry Vanilla Sparkling Tonic","producer":"Olipop","photoPath":"https://goodeggs4.imgix.net/932358db-8414-48b3-8a7c-83ed7eba041a.jpg?w=380&h=238&fm=jpg&auto=compress&fit=crop","price":"2.79","pricePer":"$0.23 / fl oz","purchaseUnit":"12 fl oz"},{"mainCategory":"Drinks","categoryName":"Kombucha & Tonics","subCategoryName":"Tonics & Probiotics","title":"Vintage Cola Sparkling Tonic","producer":"Olipop","photoPath":"https://goodeggs4.imgix.net/88bb837f-def1-4eb9-b7c5-12b9090336a3.jpg?w=380&h=238&fm=jpg&auto=compress&fit=crop","price":"2.79","pricePer":"$0.23 / fl oz","purchaseUnit":"12 fl oz"},{"mainCategory":"Drinks","categoryName":"Kombucha & Tonics","subCategoryName":"Tonics & Probiotics","title":"Ginger Lemon Sparkling Tonic","producer":"Olipop","photoPath":"https://goodeggs4.imgix.net/57b1b27a-7238-463c-99ae-af2bf1c51e7b.jpg?w=380&h=238&fm=jpg&auto=compress&fit=crop","price":"2.79","pricePer":"$0.23 / fl oz","purchaseUnit":"12 fl oz"},{"mainCategory":"Drinks","categoryName":"Kombucha & Tonics","subCategoryName":"Tonics & Probiotics","title":"Organic Mango Chile Tepache","producer":"De La Calle","photoPath":"https://goodeggs4.imgix.net/f98f184d-374d-44bb-b29f-571524bc2a83.jpg?w=380&h=238&fm=jpg&auto=compress&fit=crop","price":"3.49","pricePer":null,"purchaseUnit":"12 oz"},{"mainCategory":"Drinks","categoryName":"Kombucha & Tonics","subCategoryName":"Tonics & Probiotics","title":"Organic Tamarind Tepache","producer":"De La Calle","photoPath":"https://goodeggs4.imgix.net/ef0178ed-22c1-4d27-9a35-81ba8185dded.jpg?w=380&h=238&fm=jpg&auto=compress&fit=crop","price":"3.49","pricePer":null,"purchaseUnit":"12 oz"},{"mainCategory":"Drinks","categoryName":"Kombucha & Tonics","subCategoryName":"Tonics & Probiotics","title":"Organic Pineapple Spice Tepache","producer":"De La Calle","photoPath":"https://goodeggs4.imgix.net/ec4692d5-83f1-4ad7-b49b-9080c77130ba.jpg?w=380&h=238&fm=jpg&auto=compress&fit=crop","price":"3.49","pricePer":null,"purchaseUnit":"12 oz"},{"mainCategory":"Drinks","categoryName":"Kombucha & Tonics","subCategoryName":"Tonics & Probiotics","title":"Organic Orange Turmeric Tepache","producer":"De La Calle","photoPath":"https://goodeggs4.imgix.net/69f28bb2-3e76-459a-b0cf-5edb7c5856ba.jpg?w=380&h=238&fm=jpg&auto=compress&fit=crop","price":"3.49","pricePer":null,"purchaseUnit":"12 oz"},{"mainCategory":"Drinks","categoryName":"Kombucha & Tonics","subCategoryName":"Tonics & Probiotics","title":"Organic Ginger Manzana Tepache","producer":"De La Calle","photoPath":"https://goodeggs4.imgix.net/a7e0c61c-c97b-4807-ad9e-659273717256.jpg?w=380&h=238&fm=jpg&auto=compress&fit=crop","price":"3.49","pricePer":null,"purchaseUnit":"12 oz"},{"mainCategory":"Drinks","categoryName":"Kombucha & Tonics","subCategoryName":"Tonics & Probiotics","title":"Ginger Lime Probiotic Sparkling Tonic","producer":"Q Soo","photoPath":"https://goodeggs4.imgix.net/e3b9a225-2d1e-4c61-aad7-81bdd2d1f99c.jpg?w=380&h=238&fm=jpg&auto=compress&fit=crop","price":"3.99","pricePer":"$0.33 / fl oz","purchaseUnit":"12 fl oz"},{"mainCategory":"Drinks","categoryName":"Kombucha & Tonics","subCategoryName":"Tonics & Probiotics","title":"Grapefruit Citrus Probiotic Sparkling Tonic","producer":"Q Soo","photoPath":"https://goodeggs4.imgix.net/7ad24ebc-4152-41a1-850b-1041c0964906.jpg?w=380&h=238&fm=jpg&auto=compress&fit=crop","price":"3.99","pricePer":"$0.33 / fl oz","purchaseUnit":"12 fl oz"},{"mainCategory":"Drinks","categoryName":"Kombucha & Tonics","subCategoryName":"Tonics & Probiotics","title":"Lemon Ginger Turmeric ACV Tonic","producer":"Brighter Tonic","photoPath":"https://goodeggs4.imgix.net/934fa804-56ae-42f3-83a9-eff5531e08bc.jpg?w=380&h=238&fm=jpg&auto=compress&fit=crop","price":"9.99","pricePer":null,"purchaseUnit":"4 count"},{"mainCategory":"Drinks","categoryName":"Kombucha & Tonics","subCategoryName":"Tonics & Probiotics","title":"Blood Orange ACV Tonic","producer":"Brighter Tonic","photoPath":"https://goodeggs4.imgix.net/71108f66-d994-4fee-9c37-94d03c4504f6.jpg?w=380&h=238&fm=jpg&auto=compress&fit=crop","price":"9.99","pricePer":null,"purchaseUnit":"4 count"},{"mainCategory":"Drinks","categoryName":"Kombucha & Tonics","subCategoryName":"Tonics & Probiotics","title":"Lemon Lime ACV Tonic","producer":"Brighter Tonic","photoPath":"https://goodeggs4.imgix.net/2ef30211-40c4-4f90-a4ee-1528d2799369.jpg?w=380&h=238&fm=jpg&auto=compress&fit=crop","price":"9.99","pricePer":null,"purchaseUnit":"4 count"},{"mainCategory":"Drinks","categoryName":"Kombucha & Tonics","subCategoryName":"Tonics & Probiotics","title":"Organic Ginger Beet Probiotic Gut Shot","producer":"Farmhouse Culture","photoPath":"https://goodeggs4.imgix.net/68de7cc0-ddbb-44a1-9098-f634176fe8d0.jpg?w=380&h=238&fm=jpg&auto=compress&fit=crop","price":"6.99","pricePer":"$0.44 / fl oz","purchaseUnit":"16 fl oz"},{"mainCategory":"Drinks","categoryName":"Kombucha & Tonics","subCategoryName":"Tonics & Probiotics","title":"Organic Garlic Dill Pickle Probiotic Gut Shot","producer":"Farmhouse Culture","photoPath":"https://goodeggs4.imgix.net/579c2347-3412-4086-a771-777001aae1b2.jpg?w=380&h=238&fm=jpg&auto=compress&fit=crop","price":"6.99","pricePer":"$0.44 / fl oz","purchaseUnit":"16 fl oz"},{"mainCategory":"Drinks","categoryName":"Kombucha & Tonics","subCategoryName":"Tonics & Probiotics","title":"Honey Rose Plant-Based Tonic","producer":"Goldthread","photoPath":"https://goodeggs4.imgix.net/da8cb5ef-5ca4-4d46-b73e-098ec9cd1250.jpg?w=380&h=238&fm=jpg&auto=compress&fit=crop","price":"3.99","pricePer":null,"purchaseUnit":"12 fl oz"},{"mainCategory":"Drinks","categoryName":"Kombucha & Tonics","subCategoryName":"Tonics & Probiotics","title":"Green Minerals Plant-Based Tonic","producer":"Goldthread","photoPath":"https://goodeggs4.imgix.net/63f0dbdd-c55d-444f-a8bf-fff4478929d4.jpg?w=380&h=238&fm=jpg&auto=compress&fit=crop","price":"3.99","pricePer":null,"purchaseUnit":"12 fl oz"},{"mainCategory":"Drinks","categoryName":"Kombucha & Tonics","subCategoryName":"Tonics & Probiotics","title":"Japanese Matcha Plant-Based Tonic","producer":"Goldthread","photoPath":"https://goodeggs4.imgix.net/ac869cb7-4841-4b17-a5fb-5127bb11ff4c.jpg?w=380&h=238&fm=jpg&auto=compress&fit=crop","price":"3.99","pricePer":null,"purchaseUnit":"12 fl oz"},{"mainCategory":"Drinks","categoryName":"Kombucha & Tonics","subCategoryName":"Tonics & Probiotics","title":"Detox Ginger Sparkling Herbal Tonic","producer":"Sunwink Herbal Tonics","photoPath":"https://goodeggs4.imgix.net/88be63db-0a19-44f3-a5e8-13274735e861.jpg?w=380&h=238&fm=jpg&auto=compress&fit=crop","price":"3.99","pricePer":"$0.33 / oz","purchaseUnit":"12 oz"},{"mainCategory":"Drinks","categoryName":"Kombucha & Tonics","subCategoryName":"Tonics & Probiotics","title":"Lemon Rose Uplift Sparkling Herbal Tonic","producer":"Sunwink Herbal Tonics","photoPath":"https://goodeggs4.imgix.net/65d1d4a9-7f33-4321-ac3f-60ead8a62a0c.jpg?w=380&h=238&fm=jpg&auto=compress&fit=crop","price":"3.99","pricePer":"$0.33 / oz","purchaseUnit":"12 oz"},{"mainCategory":"Drinks","categoryName":"Kombucha & Tonics","subCategoryName":"Tonics & Probiotics","title":"Hibiscus Mint Sparkling Herbal Tonic","producer":"Sunwink Herbal Tonics","photoPath":"https://goodeggs4.imgix.net/cbbb1474-db73-4475-bcb4-c36c2db96836.jpg?w=380&h=238&fm=jpg&auto=compress&fit=crop","price":"3.99","pricePer":"$0.33 / oz","purchaseUnit":"12 oz"},{"mainCategory":"Drinks","categoryName":"Kombucha & Tonics","subCategoryName":"Tonics & Probiotics","title":"Immunity Berry Sparkling Herbal Tonic","producer":"Sunwink Herbal Tonics","photoPath":"https://goodeggs4.imgix.net/ede93b3f-cb6f-4cf9-96fc-0b9d3803b071.jpg?w=380&h=238&fm=jpg&auto=compress&fit=crop","price":"3.99","pricePer":"$0.33 / oz","purchaseUnit":"12 oz"},{"mainCategory":"Drinks","categoryName":"Kombucha & Tonics","subCategoryName":"Tonics & Probiotics","title":"Turmeric Pineapple Water Kefir","producer":"Goodwolf Water Kefir","photoPath":"https://goodeggs4.imgix.net/35118e71-a3fb-42ea-aaaf-14e6d94cf730.jpg?w=380&h=238&fm=jpg&auto=compress&fit=crop","price":"3.49","pricePer":"$0.29 / fl oz","purchaseUnit":"12 fl oz"},{"mainCategory":"Drinks","categoryName":"Kombucha & Tonics","subCategoryName":"Tonics & Probiotics","title":"Coconut Lime Water Kefir","producer":"Goodwolf Water Kefir","photoPath":"https://goodeggs4.imgix.net/5abe70ca-9934-4bd6-bc5e-29840e984167.jpg?w=380&h=238&fm=jpg&auto=compress&fit=crop","price":"3.49","pricePer":"$0.29 / fl oz","purchaseUnit":"12 fl oz"},{"mainCategory":"Drinks","categoryName":"Kombucha & Tonics","subCategoryName":"Tonics & Probiotics","title":"Hibiscus Bloom Water Kefir","producer":"Goodwolf Water Kefir","photoPath":"https://goodeggs4.imgix.net/0cc5b8bc-8e2e-4da4-93b2-87e165b872d2.jpg?w=380&h=238&fm=jpg&auto=compress&fit=crop","price":"3.49","pricePer":"$0.29 / fl oz","purchaseUnit":"12 fl oz"},{"mainCategory":"Drinks","categoryName":"Kombucha & Tonics","subCategoryName":"Tonics & Probiotics","title":"Ginger Lemon Water Kefir","producer":"Goodwolf Water Kefir","photoPath":"https://goodeggs4.imgix.net/b3d78a3f-6689-4d25-95e9-de596e48d848.jpg?w=380&h=238&fm=jpg&auto=compress&fit=crop","price":"3.49","pricePer":"$0.29 / fl oz","purchaseUnit":"12 fl oz"},{"mainCategory":"Drinks","categoryName":"Kombucha & Tonics","subCategoryName":"Tonics & Probiotics","title":"Tulsi Rose Probiotic Water Kefir","producer":"Sonoma Enlivened Inc","photoPath":"https://goodeggs4.imgix.net/6acad95b-e863-457d-9974-68d6b70fc057.jpg?w=380&h=238&fm=jpg&auto=compress&fit=crop","price":"3.99","pricePer":"$0.33 / fl oz","purchaseUnit":"12 fl oz"},{"mainCategory":"Drinks","categoryName":"Kombucha & Tonics","subCategoryName":"Tonics & Probiotics","title":"Mate Kola Probiotic Water Kefir","producer":"Sonoma Enlivened Inc","photoPath":"https://goodeggs4.imgix.net/230aa358-8161-4a4f-bd78-a3c0b8152684.jpg?w=380&h=238&fm=jpg&auto=compress&fit=crop","price":"3.99","pricePer":"$0.33 / fl oz","purchaseUnit":"12 fl oz"},{"mainCategory":"Drinks","categoryName":"Kombucha & Tonics","subCategoryName":"Tonics & Probiotics","title":"Forest Berry Sparkling Prebiotic Tonic","producer":"Rebbl","photoPath":"https://goodeggs4.imgix.net/545b470b-a65f-462e-ab42-8f1878d68aca.jpg?w=380&h=238&fm=jpg&auto=compress&fit=crop","price":"3.49","pricePer":"$0.23 / fl oz","purchaseUnit":"15.2 fl oz"},{"mainCategory":"Drinks","categoryName":"Kombucha & Tonics","subCategoryName":"Tonics & Probiotics","title":"Ginger Gold Sparkling Prebiotic Tonic","producer":"Rebbl","photoPath":"https://goodeggs4.imgix.net/16de5e09-f619-4c33-ab2c-4d783e9b1b82.jpg?w=380&h=238&fm=jpg&auto=compress&fit=crop","price":"3.49","pricePer":"$0.23 / fl oz","purchaseUnit":"15.2 fl oz"},{"mainCategory":"Drinks","categoryName":"Kombucha & Tonics","subCategoryName":"Tonics & Probiotics","title":"Peach Ginger Sparkling Prebiotic + Probiotic Drink","producer":"Wildwonder","photoPath":"https://goodeggs4.imgix.net/e42e1a09-826d-4112-bdc8-a99bbeb60513.jpg?w=380&h=238&fm=jpg&auto=compress&fit=crop","price":"3.99","pricePer":"$0.30 / oz","purchaseUnit":"13.5 oz"},{"mainCategory":"Drinks","categoryName":"Kombucha & Tonics","subCategoryName":"Tonics & Probiotics","title":"Mango Turmeric Sparkling Prebiotic + Probiotic Drink","producer":"Wildwonder","photoPath":"https://goodeggs4.imgix.net/b9f453b3-f136-434a-b382-934ffaaa71b8.jpg?w=380&h=238&fm=jpg&auto=compress&fit=crop","price":"3.99","pricePer":"$0.30 / oz","purchaseUnit":"13.5 oz"},{"mainCategory":"Drinks","categoryName":"Kombucha & Tonics","subCategoryName":"Tonics & Probiotics","title":"Guava Rose Sparkling Prebiotic + Probiotic Drink","producer":"Wildwonder","photoPath":"https://goodeggs4.imgix.net/7ad51207-4979-496f-978d-56f6ea00add6.jpg?w=380&h=238&fm=jpg&auto=compress&fit=crop","price":"3.99","pricePer":"$0.30 / oz","purchaseUnit":"13.5 oz"},{"mainCategory":"Drinks","categoryName":"Kombucha & Tonics","subCategoryName":"Growlers & Bulk","title":"Organic Pomegranate Kombucha Growler","producer":"Health-Ade Kombucha","photoPath":"https://goodeggs4.imgix.net/9b472337-200a-452d-9f0d-032329e5ca49.jpg?w=380&h=238&fm=jpg&auto=compress&fit=crop","price":"12.99","pricePer":"$0.20 / fl oz","purchaseUnit":"64 fl oz"},{"mainCategory":"Drinks","categoryName":"Kombucha & Tonics","subCategoryName":"Growlers & Bulk","title":"Organic Pink Lady Apple Kombucha Growler","producer":"Health-Ade Kombucha","photoPath":"https://goodeggs4.imgix.net/933a569f-01ad-489f-b00f-6c45bdc833c2.jpg?w=380&h=238&fm=jpg&auto=compress&fit=crop","price":"12.99","pricePer":"$0.20 / fl oz","purchaseUnit":"64 fl oz"},{"mainCategory":"Drinks","categoryName":"Kombucha & Tonics","subCategoryName":"Growlers & Bulk","title":"Organic Ginger Lemon Kombucha Growler","producer":"Health-Ade Kombucha","photoPath":"https://goodeggs4.imgix.net/47199993-2c6e-46db-9e3b-89d032f1e443.jpg?w=380&h=238&fm=jpg&auto=compress&fit=crop","price":"12.99","pricePer":"$0.20 / fl oz","purchaseUnit":"64 fl oz"},{"mainCategory":"Drinks","categoryName":"Kombucha & Tonics","subCategoryName":"Growlers & Bulk","title":"Case of Organic Ginger Lime Kombucha","producer":"Revive Kombucha","photoPath":"https://goodeggs4.imgix.net/7512bb1d-0b5c-4485-b219-d903ce925e3c.jpg?w=380&h=238&fm=jpg&auto=compress&fit=crop","price":"15.99","pricePer":"$0.22 / fl oz","purchaseUnit":"6 count"},{"mainCategory":"Drinks","categoryName":"Kombucha & Tonics","subCategoryName":"Growlers & Bulk","title":"Organic Hibiscus Refresher Kombucha Growler","producer":"Revive Kombucha","photoPath":"https://goodeggs4.imgix.net/2f952d25-dcfe-4209-8f75-3f8352d884c3.jpg?w=380&h=238&fm=jpg&auto=compress&fit=crop","price":"12.49","pricePer":"$0.21 / fl oz","purchaseUnit":"60 fl oz"},{"mainCategory":"Drinks","categoryName":"Kombucha & Tonics","subCategoryName":"Growlers & Bulk","title":"Organic Original Cola Kombucha Growler","producer":"Revive Kombucha","photoPath":"https://goodeggs4.imgix.net/e301b620-94c3-43bd-892e-9de6bbf59dd1.jpg?w=380&h=238&fm=jpg&auto=compress&fit=crop","price":"12.49","pricePer":"$0.21 / fl oz","purchaseUnit":"60 fl oz"},{"mainCategory":"Drinks","categoryName":"Kombucha & Tonics","subCategoryName":"Growlers & Bulk","title":"Organic Ginger Lime Kombucha Growler","producer":"Revive Kombucha","photoPath":"https://goodeggs4.imgix.net/0ee4bf00-edbf-4893-a093-1ca3a31c504b.jpg?w=380&h=238&fm=jpg&auto=compress&fit=crop","price":"12.49","pricePer":"$0.21 / fl oz","purchaseUnit":"60 fl oz"},{"mainCategory":"Drinks","categoryName":"Kombucha & Tonics","subCategoryName":"Growlers & Bulk","title":"Case of Organic Turmeric Ginger Citrus Kombucha","producer":"Revive Kombucha","photoPath":"https://goodeggs4.imgix.net/dd16380a-51db-462a-bcb7-4652cf5500c7.jpg?w=380&h=238&fm=jpg&auto=compress&fit=crop","price":"15.99","pricePer":"$0.22 / fl oz","purchaseUnit":"6 count"},{"mainCategory":"Drinks","categoryName":"Kombucha & Tonics","subCategoryName":"Growlers & Bulk","title":"Organic Yerba Mate Ginger Kombucha Growler","producer":"Revive Kombucha","photoPath":"https://goodeggs4.imgix.net/a04ce51a-c995-4894-a92c-44962b316921.jpg?w=380&h=238&fm=jpg&auto=compress&fit=crop","price":"12.49","pricePer":"$0.21 / fl oz","purchaseUnit":"60 fl oz"},{"mainCategory":"Drinks","categoryName":"Kombucha & Tonics","subCategoryName":"Growlers & Bulk","title":"Case of Organic Sun Blossom Kombucha","producer":"House Kombucha","photoPath":"https://goodeggs4.imgix.net/53d9278f-5784-48f9-b282-9a5c4ed0154a.jpg?w=380&h=238&fm=jpg&auto=compress&fit=crop","price":"44.99","pricePer":"$0.23 / fl oz","purchaseUnit":"12 count"},{"mainCategory":"Drinks","categoryName":"Functional Beverages","subCategoryName":"Blends & Boosts","title":"Organic Black Chia Seeds","producer":"Edison Grainery","photoPath":"https://goodeggs4.imgix.net/8814c846-77ac-4411-9a98-7c146d1461d4.jpg?w=380&h=238&fm=jpg&auto=compress&fit=crop","price":"7.99","pricePer":"$7.99 / lb","purchaseUnit":"16 oz"},{"mainCategory":"Drinks","categoryName":"Functional Beverages","subCategoryName":"Blends & Boosts","title":"Organic Chia Seeds","producer":"Navitas Organics","photoPath":"https://goodeggs4.imgix.net/cf0f660d-cf2d-4146-a24c-bfd4dc0f8964.jpg?w=380&h=238&fm=jpg&auto=compress&fit=crop","price":"8.99","pricePer":"$17.98 / lb","purchaseUnit":"8 oz"},{"mainCategory":"Drinks","categoryName":"Functional Beverages","subCategoryName":"Blends & Boosts","title":"Organic Hemp Seeds","producer":"Navitas Organics","photoPath":"https://goodeggs4.imgix.net/ad7e3ac8-1de0-4b36-987e-cf136b4513cd.jpg?w=380&h=238&fm=jpg&auto=compress&fit=crop","price":"14.99","pricePer":"$29.98 / lb","purchaseUnit":"8 oz"},{"mainCategory":"Drinks","categoryName":"Functional Beverages","subCategoryName":"Blends & Boosts","title":"Organic Cacao Nibs","producer":"Navitas Organics","photoPath":"https://goodeggs4.imgix.net/38535df8-28d2-4e41-a219-04b91c6a9eab.jpg?w=380&h=238&fm=jpg&auto=compress&fit=crop","price":"10.99","pricePer":"$21.98 / lb","purchaseUnit":"8 oz"},{"mainCategory":"Drinks","categoryName":"Functional Beverages","subCategoryName":"Blends & Boosts","title":"Organic Matcha Powder","producer":"Navitas Organics","photoPath":"https://goodeggs4.imgix.net/b8948f94-33c0-4411-9f09-00ed2549d144.jpg?w=380&h=238&fm=jpg&auto=compress&fit=crop","price":"20.99","pricePer":"$111.94 / lb","purchaseUnit":"3 oz"},{"mainCategory":"Drinks","categoryName":"Functional Beverages","subCategoryName":"Blends & Boosts","title":"Organic Maca Powder","producer":"Navitas Organics","photoPath":"https://goodeggs4.imgix.net/f5981afd-90c3-41c7-8a9a-519696fa7e49.jpg?w=380&h=238&fm=jpg&auto=compress&fit=crop","price":"14.99","pricePer":"$29.98 / lb","purchaseUnit":"8 oz"},{"mainCategory":"Drinks","categoryName":"Functional Beverages","subCategoryName":"Blends & Boosts","title":"Organic Acai Powder","producer":"Navitas Organics","photoPath":"https://goodeggs4.imgix.net/ee025b72-3674-4fe7-802f-97d9204be5af.jpg?w=380&h=238&fm=jpg&auto=compress&fit=crop","price":"19.99","pricePer":"$79.96 / lb","purchaseUnit":"4 oz"},{"mainCategory":"Drinks","categoryName":"Functional Beverages","subCategoryName":"Blends & Boosts","title":"Organic Vanilla & Greens Blend","producer":"Navitas Organics","photoPath":"https://goodeggs4.imgix.net/3b2d839c-68e5-4fe1-aef3-2f195d3d5fa3.jpg?w=380&h=238&fm=jpg&auto=compress&fit=crop","price":"24.99","pricePer":null,"purchaseUnit":"8.4 oz"},{"mainCategory":"Drinks","categoryName":"Functional Beverages","subCategoryName":"Blends & Boosts","title":"Organic Cacao & Greens Blend","producer":"Navitas Organics","photoPath":"https://goodeggs4.imgix.net/92d070cc-5e0a-420c-987f-255ede55896a.jpg?w=380&h=238&fm=jpg&auto=compress&fit=crop","price":"24.99","pricePer":null,"purchaseUnit":"8.8 oz"},{"mainCategory":"Drinks","categoryName":"Functional Beverages","subCategoryName":"Blends & Boosts","title":"Organic Turmeric Powder","producer":"Navitas Organics","photoPath":"https://goodeggs4.imgix.net/3cedd00f-59d5-4837-a8b2-f11651681ad8.jpg?w=380&h=238&fm=jpg&auto=compress&fit=crop","price":"11.99","pricePer":"$23.98 / lb","purchaseUnit":"8 oz"},{"mainCategory":"Drinks","categoryName":"Functional Beverages","subCategoryName":"Blends & Boosts","title":"Berry Calm Superfood Powder","producer":"Sunwink Herbal Tonics","photoPath":"https://goodeggs4.imgix.net/ece48054-3285-4535-acd3-1093e81ac859.jpg?w=380&h=238&fm=jpg&auto=compress&fit=crop","price":"29.99","pricePer":"$7.14 / oz","purchaseUnit":"4.2 oz"},{"mainCategory":"Drinks","categoryName":"Functional Beverages","subCategoryName":"Blends & Boosts","title":"Cacao Clarity Superfood Powder","producer":"Sunwink Herbal Tonics","photoPath":"https://goodeggs4.imgix.net/079ca05d-e444-40e5-a062-97e49904cc7e.jpg?w=380&h=238&fm=jpg&auto=compress&fit=crop","price":"29.99","pricePer":"$7.14 / oz","purchaseUnit":"4.2 oz"},{"mainCategory":"Drinks","categoryName":"Functional Beverages","subCategoryName":"Blends & Boosts","title":"Original Psyllium Pre & Probiotic Fiber","producer":"Organic India","photoPath":"https://goodeggs4.imgix.net/2c914d32-ad57-4faa-884f-75fc2b568f40.jpg?w=380&h=238&fm=jpg&auto=compress&fit=crop","price":"14.99","pricePer":null,"purchaseUnit":"10 oz"},{"mainCategory":"Drinks","categoryName":"Functional Beverages","subCategoryName":"Blends & Boosts","title":"Daily Adaptogen Powder","producer":"Goldmine","photoPath":"https://goodeggs4.imgix.net/6e5f9395-a00f-477b-8273-31442c68d5a1.jpg?w=380&h=238&fm=jpg&auto=compress&fit=crop","price":"27.99","pricePer":"$20.43 / oz","purchaseUnit":"1.37 oz"},{"mainCategory":"Drinks","categoryName":"Functional Beverages","subCategoryName":"Blends & Boosts","title":"Daily Adaptogen Powder","producer":"Goldmine","photoPath":"https://goodeggs4.imgix.net/94e24eb4-53c1-4047-8686-275dcc528aea.jpg?w=380&h=238&fm=jpg&auto=compress&fit=crop","price":"19.99","pricePer":"$28.15 / oz","purchaseUnit":"10 count"},{"mainCategory":"Drinks","categoryName":"Functional Beverages","subCategoryName":"Blends & Boosts","title":"Easy Being Green Superfood Greens Powder","producer":"Ora Organic","photoPath":"https://goodeggs4.imgix.net/0781e113-c3a2-4181-b401-92d112ddffb6.jpg?w=380&h=238&fm=jpg&auto=compress&fit=crop","price":"27.99","pricePer":null,"purchaseUnit":"8.5 oz"},{"mainCategory":"Drinks","categoryName":"Functional Beverages","subCategoryName":"Wellness Shots","title":"Organic Turmeric-Relieve","producer":"Urban Remedy","photoPath":"https://goodeggs4.imgix.net/805ec546-86ee-4e09-9137-df57e26addd9.jpg?w=380&h=238&fm=jpg&auto=compress&fit=crop","price":"6.99","pricePer":"$1.74 / fl oz","purchaseUnit":"4 fl oz"},{"mainCategory":"Drinks","categoryName":"Functional Beverages","subCategoryName":"Wellness Shots","title":"Organic Wellness Shot for your Skin","producer":"Dose","photoPath":"https://goodeggs4.imgix.net/5064aa3e-3c86-4980-9187-e6258d5bbf8c.jpg?w=380&h=238&fm=jpg&auto=compress&fit=crop","price":"3.99","pricePer":"$1.99 / oz","purchaseUnit":"2 oz"},{"mainCategory":"Drinks","categoryName":"Functional Beverages","subCategoryName":"Wellness Shots","title":"Wellness Shot for your Liver","producer":"Dose","photoPath":"https://goodeggs4.imgix.net/69105278-f518-4be2-a0b3-1cd6cbcf84e3.jpg?w=380&h=238&fm=jpg&auto=compress&fit=crop","price":"3.99","pricePer":"$1.99 / oz","purchaseUnit":"2 oz"},{"mainCategory":"Drinks","categoryName":"Functional Beverages","subCategoryName":"Wellness Shots","title":"Organic Wellness Shot for Soreness","producer":"Dose","photoPath":"https://goodeggs4.imgix.net/9d375c41-0b9d-4074-a789-09f56695170b.jpg?w=380&h=238&fm=jpg&auto=compress&fit=crop","price":"3.99","pricePer":"$1.99 / oz","purchaseUnit":"2 oz"},{"mainCategory":"Drinks","categoryName":"Functional Beverages","subCategoryName":"Wellness Shots","title":"Organic Wellness Shot for Immunity","producer":"Dose","photoPath":"https://goodeggs4.imgix.net/6ae0e110-7f06-411e-b00f-cba4b4eb3a7f.jpg?w=380&h=238&fm=jpg&auto=compress&fit=crop","price":"3.99","pricePer":"$1.99 / oz","purchaseUnit":"2 oz"},{"mainCategory":"Drinks","categoryName":"Functional Beverages","subCategoryName":"Wellness Shots","title":"Organic Original Immunity Boost","producer":"Vive Organic","photoPath":"https://goodeggs4.imgix.net/bb8bc3a3-973f-4198-a3a2-9a65cdf5c0df.jpg?w=380&h=238&fm=jpg&auto=compress&fit=crop","price":"3.79","pricePer":"$1.89 / fl oz","purchaseUnit":"2 fl oz"},{"mainCategory":"Drinks","categoryName":"Functional Beverages","subCategoryName":"Wellness Shots","title":"Organic Antioxidant Detox","producer":"Vive Organic","photoPath":"https://goodeggs4.imgix.net/64e3a924-8561-495f-b52e-d51f9c83962f.jpg?w=380&h=238&fm=jpg&auto=compress&fit=crop","price":"3.79","pricePer":"$1.89 / fl oz","purchaseUnit":"2 fl oz"},{"mainCategory":"Drinks","categoryName":"Functional Beverages","subCategoryName":"Wellness Shots","title":"Organic Cayenne Immunity Boost","producer":"Vive Organic","photoPath":"https://goodeggs4.imgix.net/513e022b-1417-4539-87d5-18ade2bacfd1.jpg?w=380&h=238&fm=jpg&auto=compress&fit=crop","price":"3.79","pricePer":"$1.89 / fl oz","purchaseUnit":"2 fl oz"},{"mainCategory":"Drinks","categoryName":"Functional Beverages","subCategoryName":"Wellness Shots","title":"Organic Wellness Rescue","producer":"Vive Organic","photoPath":"https://goodeggs4.imgix.net/a81b2a6b-3cf9-4485-9a6b-b9bb9343101f.jpg?w=380&h=238&fm=jpg&auto=compress&fit=crop","price":"3.79","pricePer":"$1.89 / fl oz","purchaseUnit":"2 fl oz"},{"mainCategory":"Drinks","categoryName":"Functional Beverages","subCategoryName":"Wellness Shots","title":"Original Immunity Boost 4-Pack","producer":"Vive Organic","photoPath":"https://goodeggs4.imgix.net/88519a4c-5086-4534-8e2e-c1b5f554d08e.jpg?w=380&h=238&fm=jpg&auto=compress&fit=crop","price":"13.99","pricePer":"$1.74 / fl oz","purchaseUnit":"4 count"},{"mainCategory":"Drinks","categoryName":"Functional Beverages","subCategoryName":"Wellness Shots","title":"Elderberry Boost Shot","producer":"Vive Organic","photoPath":"https://goodeggs4.imgix.net/78afa2a6-88db-4051-9099-519f7c5ef104.jpg?w=380&h=238&fm=jpg&auto=compress&fit=crop","price":"3.79","pricePer":"$1.89 / fl oz","purchaseUnit":"2 fl oz"},{"mainCategory":"Drinks","categoryName":"Functional Beverages","subCategoryName":"Wellness Shots","title":"Energy+Focus Immunity Shot","producer":"Vive Organic","photoPath":"https://goodeggs4.imgix.net/1cdec226-fc14-495f-856f-bf31ff4ac83e.jpg?w=380&h=238&fm=jpg&auto=compress&fit=crop","price":"3.79","pricePer":"$1.89 / fl oz","purchaseUnit":"2 fl oz"},{"mainCategory":"Drinks","categoryName":"Functional Beverages","subCategoryName":"Wellness Shots","title":"Elderberry Boost 4-Pack","producer":"Vive Organic","photoPath":"https://goodeggs4.imgix.net/415af2ec-c895-4b10-a0b6-2628eddf719e.jpg?w=380&h=238&fm=jpg&auto=compress&fit=crop","price":"13.99","pricePer":"$1.74 / fl oz","purchaseUnit":"4 count"},{"mainCategory":"Drinks","categoryName":"Functional Beverages","subCategoryName":"Wellness Shots","title":"Hawaiian Healer","producer":"Happy Moose Juice","photoPath":"https://goodeggs4.imgix.net/6f805091-38ef-4991-a913-809044983aa1.jpg?w=380&h=238&fm=jpg&auto=compress&fit=crop","price":"3.79","pricePer":"$1.89 / fl oz","purchaseUnit":"2 fl oz"},{"mainCategory":"Drinks","categoryName":"Functional Beverages","subCategoryName":"Wellness Shots","title":"Glow Up Beauty Shot","producer":"Happy Moose Juice","photoPath":"https://goodeggs4.imgix.net/3f312610-8375-11eb-9783-f3d67f42bb6b?w=380&h=238&fm=jpg&auto=compress&fit=crop","price":"3.79","pricePer":"$1.89 / fl oz","purchaseUnit":"2 fl oz"},{"mainCategory":"Drinks","categoryName":"Functional Beverages","subCategoryName":"Wellness Shots","title":"Feel Mo' Betta","producer":"Happy Moose Juice","photoPath":"https://goodeggs4.imgix.net/f0237e9e-574d-4add-886f-aec28e944b56.jpg?w=380&h=238&fm=jpg&auto=compress&fit=crop","price":"3.79","pricePer":"$1.89 / fl oz","purchaseUnit":"2 fl oz"},{"mainCategory":"Drinks","categoryName":"Functional Beverages","subCategoryName":"Wellness Shots","title":"Belly Boost Shot","producer":"Happy Moose Juice","photoPath":"https://goodeggs4.imgix.net/3f30ff00-8375-11eb-9783-f3d67f42bb6b?w=380&h=238&fm=jpg&auto=compress&fit=crop","price":"3.79","pricePer":"$1.89 / fl oz","purchaseUnit":"2 fl oz"},{"mainCategory":"Drinks","categoryName":"Functional Beverages","subCategoryName":"Wellness Shots","title":"Pep In Ya' Step Energy Shot","producer":"Happy Moose Juice","photoPath":"https://goodeggs4.imgix.net/3f312611-8375-11eb-9783-f3d67f42bb6b?w=380&h=238&fm=jpg&auto=compress&fit=crop","price":"3.79","pricePer":"$1.89 / fl oz","purchaseUnit":"2 fl oz"},{"mainCategory":"Drinks","categoryName":"Functional Beverages","subCategoryName":"Wellness Shots","title":"Organic \"Stress Be Gone\" Honey Chamomile Moringa Shot","producer":"Kuli Kuli","photoPath":"https://goodeggs4.imgix.net/6ec03a9d-7562-4b10-9646-fc2e4c85d051.jpg?w=380&h=238&fm=jpg&auto=compress&fit=crop","price":"3.29","pricePer":"$1.31 / fl oz","purchaseUnit":"2.5 fl oz"},{"mainCategory":"Drinks","categoryName":"Functional Beverages","subCategoryName":"Wellness Shots","title":"Organic \"Get Well Soon\" Vitamin C Moringa Shot","producer":"Kuli Kuli","photoPath":"https://goodeggs4.imgix.net/1aeb1b9f-6317-43aa-b768-00c9ace723fc.jpg?w=380&h=238&fm=jpg&auto=compress&fit=crop","price":"3.29","pricePer":"$1.31 / fl oz","purchaseUnit":"2.5 fl oz"},{"mainCategory":"Drinks","categoryName":"Functional Beverages","subCategoryName":"Wellness Shots","title":"Organic Focus Shot","producer":"California Juice Company","photoPath":"https://goodeggs4.imgix.net/e55a8c40-71c6-4910-942d-1a4269ebe26a.jpg?w=380&h=238&fm=jpg&auto=compress&fit=crop","price":"3.79","pricePer":"$1.72 / fl oz","purchaseUnit":"2.2 fl oz"},{"mainCategory":"Drinks","categoryName":"Functional Beverages","subCategoryName":"Wellness Shots","title":"Organic Immunity Shot","producer":"California Juice Company","photoPath":"https://goodeggs4.imgix.net/1618e5b2-5eea-486a-951d-95e9fe2fbb36.jpg?w=380&h=238&fm=jpg&auto=compress&fit=crop","price":"3.79","pricePer":"$1.72 / fl oz","purchaseUnit":"2.2 fl oz"},{"mainCategory":"Drinks","categoryName":"Functional Beverages","subCategoryName":"Wellness Shots","title":"Organic Revive Shot","producer":"California Juice Company","photoPath":"https://goodeggs4.imgix.net/6796598a-3652-4609-8927-8c5b1c4e1ffd.jpg?w=380&h=238&fm=jpg&auto=compress&fit=crop","price":"3.79","pricePer":"$1.72 / fl oz","purchaseUnit":"2.2 fl oz"},{"mainCategory":"Drinks","categoryName":"Functional Beverages","subCategoryName":"Protein Powders","title":"Chocolate Plant Based Protein Powder","producer":"Aloha ","photoPath":"https://goodeggs4.imgix.net/2092b195-ed17-422d-9ade-9bffca689323.jpg?w=380&h=238&fm=jpg&auto=compress&fit=crop","price":"35.99","pricePer":"$1.89 / oz","purchaseUnit":"19 oz"},{"mainCategory":"Drinks","categoryName":"Functional Beverages","subCategoryName":"Protein Powders","title":"Vanilla Plant Based Protein Powder","producer":"Aloha ","photoPath":"https://goodeggs4.imgix.net/722f892d-d2e5-4076-b955-a53f6cc02322.jpg?w=380&h=238&fm=jpg&auto=compress&fit=crop","price":"35.99","pricePer":"$1.94 / oz","purchaseUnit":"18.5 oz"},{"mainCategory":"Drinks","categoryName":"Functional Beverages","subCategoryName":"Protein Powders","title":"Vanilla Protein Powder","producer":"Ora Organic","photoPath":"https://goodeggs4.imgix.net/6b584e27-7b77-4aa0-aaf9-556f8fdce2bf.jpg?w=380&h=238&fm=jpg&auto=compress&fit=crop","price":"37.99","pricePer":null,"purchaseUnit":"21.2 oz"},{"mainCategory":"Drinks","categoryName":"Functional Beverages","subCategoryName":"Protein Powders","title":"Chocolate Coconut Collagen Fuel Canister","producer":"Primal Kitchen","photoPath":"https://goodeggs4.imgix.net/bfeef151-f8f9-45a7-a69b-83836ef51db5.jpg?w=380&h=238&fm=jpg&auto=compress&fit=crop","price":"39.99","pricePer":"$2.87 / oz","purchaseUnit":"13.9 oz"},{"mainCategory":"Drinks","categoryName":"Functional Beverages","subCategoryName":"Protein Powders","title":"Vanilla Coconut Collagen Fuel Canister","producer":"Primal Kitchen","photoPath":"https://goodeggs4.imgix.net/f5c850f1-a1bd-4a4a-bde8-b22d9a28e85c.jpg?w=380&h=238&fm=jpg&auto=compress&fit=crop","price":"39.99","pricePer":"$3.05 / oz","purchaseUnit":"13.1 oz"},{"mainCategory":"Drinks","categoryName":"Functional Beverages","subCategoryName":"Protein Powders","title":"Vanilla Coconut Collagen Fuel, Single Serve","producer":"Primal Kitchen","photoPath":"https://goodeggs4.imgix.net/91249e6b-8060-4d90-a0ec-3eee536b4ab5.jpg?w=380&h=238&fm=jpg&auto=compress&fit=crop","price":"34.99","pricePer":"$5.39 / oz","purchaseUnit":"12 count"},{"mainCategory":"Drinks","categoryName":"Functional Beverages","subCategoryName":"Protein Powders","title":"Chocolate Coconut Collagen Fuel, Single Serve","producer":"Primal Kitchen","photoPath":"https://goodeggs4.imgix.net/1044e8a2-a043-4ac5-9ba5-cd4545265515.jpg?w=380&h=238&fm=jpg&auto=compress&fit=crop","price":"34.99","pricePer":"$5.02 / oz","purchaseUnit":"12 count"},{"mainCategory":"Drinks","categoryName":"Functional Beverages","subCategoryName":"Protein & Specialty Shakes","title":"Sea Salt Chocolate Protein Shake","producer":"Après","photoPath":"https://goodeggs4.imgix.net/50e91951-c0cc-4a5b-9465-0073e6e1515d.jpg?w=380&h=238&fm=jpg&auto=compress&fit=crop","price":"3.99","pricePer":null,"purchaseUnit":"11 oz"},{"mainCategory":"Drinks","categoryName":"Functional Beverages","subCategoryName":"Protein & Specialty Shakes","title":"Vanilla Bean Protein Shake","producer":"Après","photoPath":"https://goodeggs4.imgix.net/486b63e0-fae4-464e-ac4f-b8f83ef34c1f.jpg?w=380&h=238&fm=jpg&auto=compress&fit=crop","price":"3.99","pricePer":null,"purchaseUnit":"11 oz"},{"mainCategory":"Drinks","categoryName":"Functional Beverages","subCategoryName":"Protein & Specialty Shakes","title":"Cold Brew Coffee Protein Shake","producer":"Après","photoPath":"https://goodeggs4.imgix.net/98f781d8-6969-4012-b8e1-32504df30872.jpg?w=380&h=238&fm=jpg&auto=compress&fit=crop","price":"3.99","pricePer":null,"purchaseUnit":"11 oz"},{"mainCategory":"Drinks","categoryName":"Functional Beverages","subCategoryName":"Protein & Specialty Shakes","title":"Organic Golden Turmeric Coconut Cashew Milk","producer":"Urban Remedy","photoPath":"https://goodeggs4.imgix.net/0aee9450-5354-4695-bd26-d1b0842d626e.jpg?w=380&h=238&fm=jpg&auto=compress&fit=crop","price":"11.99","pricePer":"$0.74 / fl oz","purchaseUnit":"16 fl oz"},{"mainCategory":"Drinks","categoryName":"Functional Beverages","subCategoryName":"Protein & Specialty Shakes","title":"Organic Vanilla Spice Protein","producer":"Rebbl","photoPath":"https://goodeggs4.imgix.net/017de4e9-4b74-4f22-a119-6be3d33c26de.jpg?w=380&h=238&fm=jpg&auto=compress&fit=crop","price":"5.49","pricePer":"$0.46 / fl oz","purchaseUnit":"12 fl oz"},{"mainCategory":"Drinks","categoryName":"Functional Beverages","subCategoryName":"Protein & Specialty Shakes","title":"Organic Dark Chocolate Protein","producer":"Rebbl","photoPath":"https://goodeggs4.imgix.net/660dc068-7879-45ec-9354-f5178d755c38.jpg?w=380&h=238&fm=jpg&auto=compress&fit=crop","price":"5.49","pricePer":"$0.46 / fl oz","purchaseUnit":"12 fl oz"},{"mainCategory":"Drinks","categoryName":"Functional Beverages","subCategoryName":"Protein & Specialty Shakes","title":"Organic Hazelnut Chocolate Protein","producer":"Rebbl","photoPath":"https://goodeggs4.imgix.net/1b8c91da-754d-4955-87b1-05627e3a419e.jpg?w=380&h=238&fm=jpg&auto=compress&fit=crop","price":"5.49","pricePer":"$0.46 / fl oz","purchaseUnit":"12 fl oz"},{"mainCategory":"Drinks","categoryName":"Functional Beverages","subCategoryName":"Protein & Specialty Shakes","title":"Mayan Cocoa Gold Label Elixir","producer":"Rebbl","photoPath":"https://goodeggs4.imgix.net/27aaf6d8-80bb-44e6-87c2-5ac756963074.jpg?w=380&h=238&fm=jpg&auto=compress&fit=crop","price":"6.49","pricePer":"$0.54 / fl oz","purchaseUnit":"12 fl oz"},{"mainCategory":"Drinks","categoryName":"Functional Beverages","subCategoryName":"Protein & Specialty Shakes","title":"Organic Cold Brew Coffee Protein","producer":"Rebbl","photoPath":"https://goodeggs4.imgix.net/aa9a3bcb-8672-448d-875d-52bc5515eb30.jpg?w=380&h=238&fm=jpg&auto=compress&fit=crop","price":"5.49","pricePer":"$0.46 / fl oz","purchaseUnit":"12 fl oz"},{"mainCategory":"Drinks","categoryName":"Functional Beverages","subCategoryName":"Protein & Specialty Shakes","title":"Organic Matcha Latte Elixir","producer":"Rebbl","photoPath":"https://goodeggs4.imgix.net/b4ab15d7-7eed-4c48-8750-1cb832acf680.jpg?w=380&h=238&fm=jpg&auto=compress&fit=crop","price":"3.99","pricePer":"$0.33 / fl oz","purchaseUnit":"12 fl oz"},{"mainCategory":"Drinks","categoryName":"Functional Beverages","subCategoryName":"Protein & Specialty Shakes","title":"Organic Turmeric Golden Milk Elixir","producer":"Rebbl","photoPath":"https://goodeggs4.imgix.net/12539b7a-5d4a-4d58-af69-a6707d8773f2.jpg?w=380&h=238&fm=jpg&auto=compress&fit=crop","price":"3.99","pricePer":"$0.33 / fl oz","purchaseUnit":"12 fl oz"},{"mainCategory":"Drinks","categoryName":"Functional Beverages","subCategoryName":"Protein & Specialty Shakes","title":"Organic Reishi Chocolate Elixir","producer":"Rebbl","photoPath":"https://goodeggs4.imgix.net/170ccdd3-b355-41f2-923a-412b839c6b2d.jpg?w=380&h=238&fm=jpg&auto=compress&fit=crop","price":"3.99","pricePer":"$0.33 / fl oz","purchaseUnit":"12 fl oz"},{"mainCategory":"Drinks","categoryName":"Functional Beverages","subCategoryName":"Protein & Specialty Shakes","title":"Organic Maca Mocha Elixir","producer":"Rebbl","photoPath":"https://goodeggs4.imgix.net/b90e0a55-3846-464e-90fa-e8a6986905aa.jpg?w=380&h=238&fm=jpg&auto=compress&fit=crop","price":"3.99","pricePer":"$0.33 / fl oz","purchaseUnit":"12 fl oz"},{"mainCategory":"Drinks","categoryName":"Functional Beverages","subCategoryName":"Protein & Specialty Shakes","title":"Organic Ashwagandha Spicy Chai Elixir","producer":"Rebbl","photoPath":"https://goodeggs4.imgix.net/e614c06f-d756-4350-9067-eaf2ead20972.jpg?w=380&h=238&fm=jpg&auto=compress&fit=crop","price":"3.99","pricePer":"$0.33 / fl oz","purchaseUnit":"12 fl oz"},{"mainCategory":"Drinks","categoryName":"Functional Beverages","subCategoryName":"Protein & Specialty Shakes","title":"Chocolate Protein Shake","producer":"Project Juice","photoPath":"https://goodeggs4.imgix.net/3f0b06eb-7fe4-4a71-9bca-c1cb0fd7f972.jpg?w=380&h=238&fm=jpg&auto=compress&fit=crop","price":"10.99","pricePer":"$0.75 / fl oz","purchaseUnit":"14.5 fl oz"},{"mainCategory":"Drinks","categoryName":"Functional Beverages","subCategoryName":"Protein & Specialty Shakes","title":"Chocolate Plant Based Protein Drink","producer":"Aloha ","photoPath":"https://goodeggs4.imgix.net/57c1fd3b-dce0-4c0b-bfda-a588d0e53b17.jpg?w=380&h=238&fm=jpg&auto=compress&fit=crop","price":"14.99","pricePer":null,"purchaseUnit":"4 count"},{"mainCategory":"Drinks","categoryName":"Functional Beverages","subCategoryName":"Protein & Specialty Shakes","title":"Vanilla Plant Based Protein Drink","producer":"Aloha ","photoPath":"https://goodeggs4.imgix.net/836ed331-c5b3-4c02-a8ca-39a246064408.jpg?w=380&h=238&fm=jpg&auto=compress&fit=crop","price":"14.99","pricePer":"$0.34 / fl oz","purchaseUnit":"4 count"},{"mainCategory":"Drinks","categoryName":"Functional Beverages","subCategoryName":"Protein & Specialty Shakes","title":"Coconut Plant Based Protein Drink","producer":"Aloha ","photoPath":"https://goodeggs4.imgix.net/1b97d4a4-5330-480e-b71e-8caaeecb8d2c.jpg?w=380&h=238&fm=jpg&auto=compress&fit=crop","price":"14.99","pricePer":"$0.34 / fl oz","purchaseUnit":"4 count"},{"mainCategory":"Drinks","categoryName":"Functional Beverages","subCategoryName":"Protein & Specialty Shakes","title":"Organic Chocolate Coconut Protein Drink","producer":"Harmless Harvest","photoPath":"https://goodeggs4.imgix.net/0454979f-a33d-42d9-a227-b43bc7c0603e.jpg?w=380&h=238&fm=jpg&auto=compress&fit=crop","price":"4.99","pricePer":"$0.49 / fl oz","purchaseUnit":"10 fl oz"},{"mainCategory":"Drinks","categoryName":"Functional Beverages","subCategoryName":"Protein & Specialty Shakes","title":"Organic Toasted Coconut Protein Drink","producer":"Harmless Harvest","photoPath":"https://goodeggs4.imgix.net/63576298-5a0b-4cd0-b4fc-92405bc41756.jpg?w=380&h=238&fm=jpg&auto=compress&fit=crop","price":"4.49","pricePer":"$0.45 / fl oz","purchaseUnit":"10 fl oz"},{"mainCategory":"Drinks","categoryName":"Coffee","subCategoryName":"Dark Roast","title":"Organic Breakfast Blend Coffee Beans","producer":"Equal Exchange","photoPath":"https://goodeggs4.imgix.net/6715f272-ac7c-4ecb-b745-a8327b7b6c26.jpg?w=380&h=238&fm=jpg&auto=compress&fit=crop","price":"9.49","pricePer":"$12.65 / lb","purchaseUnit":"12 oz"},{"mainCategory":"Drinks","categoryName":"Coffee","subCategoryName":"Dark Roast","title":"Organic French Roast Coffee Beans","producer":"Equal Exchange","photoPath":"https://goodeggs4.imgix.net/0c0efa5b-73ad-4d70-88eb-3ee2e8fef938.jpg?w=380&h=238&fm=jpg&auto=compress&fit=crop","price":"9.49","pricePer":"$15.18 / lb","purchaseUnit":"10 oz"},{"mainCategory":"Drinks","categoryName":"Coffee","subCategoryName":"Dark Roast","title":"Organic French Roast Ground Coffee","producer":"Peet's Coffee","photoPath":"https://goodeggs4.imgix.net/7a6a0f08-3045-4e33-9137-6ace1a449f0f.jpg?w=380&h=238&fm=jpg&auto=compress&fit=crop","price":"12.99","pricePer":"$19.79 / lb","purchaseUnit":"10.5 oz"},{"mainCategory":"Drinks","categoryName":"Coffee","subCategoryName":"Dark Roast","title":"Major Dickason's Blend Ground Coffee","producer":"Peet's Coffee","photoPath":"https://goodeggs4.imgix.net/7a943b42-39b0-4078-b269-cf3c242310f6.jpg?w=380&h=238&fm=jpg&auto=compress&fit=crop","price":"12.99","pricePer":"$19.79 / lb","purchaseUnit":"10.5 oz"},{"mainCategory":"Drinks","categoryName":"Coffee","subCategoryName":"Dark Roast","title":"Decaf French Roast Ground Coffee","producer":"Peet's Coffee","photoPath":"https://goodeggs4.imgix.net/d62be86f-f5f7-405c-b765-f2ef98b119d3.jpg?w=380&h=238&fm=jpg&auto=compress&fit=crop","price":"12.99","pricePer":"$19.79 / lb","purchaseUnit":"10.5 oz"},{"mainCategory":"Drinks","categoryName":"Coffee","subCategoryName":"Dark Roast","title":"Decaf Major Dickason's Blend Ground Coffee","producer":"Peet's Coffee","photoPath":"https://goodeggs4.imgix.net/f65d1bef-f3a3-4418-988b-26dc425c44fc.jpg?w=380&h=238&fm=jpg&auto=compress&fit=crop","price":"12.99","pricePer":"$19.79 / lb","purchaseUnit":"10.5 oz"},{"mainCategory":"Drinks","categoryName":"Coffee","subCategoryName":"Dark Roast","title":"Major Dickason's Blend","producer":"Peet's Coffee","photoPath":"https://goodeggs4.imgix.net/6f0ac51d-83be-47c4-879d-a8513743c894.jpg?w=380&h=238&fm=jpg&auto=compress&fit=crop","price":"12.99","pricePer":"$19.79 / lb","purchaseUnit":"10.5 oz"},{"mainCategory":"Drinks","categoryName":"Coffee","subCategoryName":"Dark Roast","title":"Jacob's Wonderbar Coffee Beans","producer":"Philz Coffee","photoPath":"https://goodeggs4.imgix.net/53ec9930-97ed-4d88-891a-78098a788025.jpg?w=380&h=238&fm=jpg&auto=compress&fit=crop","price":"14.99","pricePer":"$19.98 / lb","purchaseUnit":"12 oz"},{"mainCategory":"Drinks","categoryName":"Coffee","subCategoryName":"Dark Roast","title":"East Fourteenth Single Origin Tanzanian","producer":"Red Bay Coffee ","photoPath":"https://goodeggs4.imgix.net/34104295-7036-4839-9073-21b79dee08ef.jpg?w=380&h=238&fm=jpg&auto=compress&fit=crop","price":"15.99","pricePer":"$21.32 / lb","purchaseUnit":"12 oz"},{"mainCategory":"Drinks","categoryName":"Coffee","subCategoryName":"Dark Roast","title":"Organic French Roast","producer":"Equator Coffees","photoPath":"https://goodeggs4.imgix.net/47845c8d-fdb0-413c-b339-0f9d4cae8a63.jpg?w=380&h=238&fm=jpg&auto=compress&fit=crop","price":"16.49","pricePer":"$21.98 / lb","purchaseUnit":"12 oz"},{"mainCategory":"Drinks","categoryName":"Coffee","subCategoryName":"Dark Roast","title":"Organic Decaf Blend","producer":"Equator Coffees","photoPath":"https://goodeggs4.imgix.net/14ec5268-60fb-4a98-89f4-aa23ade66cff.jpg?w=380&h=238&fm=jpg&auto=compress&fit=crop","price":"16.49","pricePer":"$21.98 / lb","purchaseUnit":"12 oz"},{"mainCategory":"Drinks","categoryName":"Coffee","subCategoryName":"Dark Roast","title":"French Roast Coffee Beans","producer":"HelioRoast Coffee","photoPath":"https://goodeggs4.imgix.net/3be8280c-534f-4f08-a966-04f6abe7a08c.jpg?w=380&h=238&fm=jpg&auto=compress&fit=crop","price":"13.99","pricePer":"$18.65 / lb","purchaseUnit":"12 oz"},{"mainCategory":"Drinks","categoryName":"Coffee","subCategoryName":"Dark Roast","title":"Ruby's Roast Dark Roast","producer":"Ruby's Roast","photoPath":"https://goodeggs4.imgix.net/cbf3c94e-4627-4a72-a70e-934d882ea0ec.jpg?w=380&h=238&fm=jpg&auto=compress&fit=crop","price":"13.99","pricePer":"$18.65 / lb","purchaseUnit":"12 oz"},{"mainCategory":"Drinks","categoryName":"Coffee","subCategoryName":"Light Roast","title":"Organic Breakfast Blend Coffee Beans","producer":"Equal Exchange","photoPath":"https://goodeggs4.imgix.net/6715f272-ac7c-4ecb-b745-a8327b7b6c26.jpg?w=380&h=238&fm=jpg&auto=compress&fit=crop","price":"9.49","pricePer":"$12.65 / lb","purchaseUnit":"12 oz"},{"mainCategory":"Drinks","categoryName":"Coffee","subCategoryName":"Light Roast","title":"Organic Mind, Body & Soul Coffee Beans","producer":"Equal Exchange","photoPath":"https://goodeggs4.imgix.net/3a912cf1-aa40-4aa7-ae87-9cf181ceedad.jpg?w=380&h=238&fm=jpg&auto=compress&fit=crop","price":"9.49","pricePer":"$12.65 / lb","purchaseUnit":"12 oz"},{"mainCategory":"Drinks","categoryName":"Coffee","subCategoryName":"Light Roast","title":"02 Filter Coffee Beans","producer":"Coffee Manufactory","photoPath":"https://goodeggs4.imgix.net/0adbb64d-5bfd-4848-b8f6-4a43a53e894c.jpg?w=380&h=238&fm=jpg&auto=compress&fit=crop","price":"13.99","pricePer":"$18.65 / lb","purchaseUnit":"12 oz"},{"mainCategory":"Drinks","categoryName":"Coffee","subCategoryName":"Light Roast","title":"03 Single Origin Coffee Beans","producer":"Coffee Manufactory","photoPath":"https://goodeggs4.imgix.net/44e6655c-adca-4ef0-8092-a19184c4eeef.jpg?w=380&h=238&fm=jpg&auto=compress&fit=crop","price":"15.99","pricePer":"$21.32 / lb","purchaseUnit":"12 oz"},{"mainCategory":"Drinks","categoryName":"Coffee","subCategoryName":"Light Roast","title":"Single Origin ~ Seasonal","producer":"OneNinetySeven","photoPath":"https://goodeggs4.imgix.net/561dbf9e-041d-4028-b12f-a6e7c8988c05.jpg?w=380&h=238&fm=jpg&auto=compress&fit=crop","price":"11.49","pricePer":"$22.98 / lb","purchaseUnit":"8 oz"},{"mainCategory":"Drinks","categoryName":"Coffee","subCategoryName":"Light Roast","title":"Ethiopia Sidama Ardi","producer":"Equator Coffees","photoPath":"https://goodeggs4.imgix.net/ed5f47f6-7091-4173-9812-2be6eec6883a.jpg?w=380&h=238&fm=jpg&auto=compress&fit=crop","price":"18.49","pricePer":"$24.65 / lb","purchaseUnit":"12 oz"},{"mainCategory":"Drinks","categoryName":"Coffee","subCategoryName":"Cold Brew & Ready to Drink","title":"Cold Brew Coffee Concentrate","producer":"Jittery John's Cold Brew Coffee","photoPath":"https://goodeggs4.imgix.net/0090697d-03bd-4b1d-82c1-22b2064d8464.jpg?w=380&h=238&fm=jpg&auto=compress&fit=crop","price":"12.99","pricePer":"$0.41 / fl oz","purchaseUnit":"32 fl oz"},{"mainCategory":"Drinks","categoryName":"Coffee","subCategoryName":"Cold Brew & Ready to Drink","title":"Cold Brew Espresso Flask","producer":"Jittery John's Cold Brew Coffee","photoPath":"https://goodeggs4.imgix.net/45b8666b-3b29-49ee-b287-f9b6a23e08d3.jpg?w=380&h=238&fm=jpg&auto=compress&fit=crop","price":"3.99","pricePer":"$0.59 / fl oz","purchaseUnit":"6.7 fl oz"},{"mainCategory":"Drinks","categoryName":"Coffee","subCategoryName":"Cold Brew & Ready to Drink","title":"Cold Coffee","producer":"Equator Coffees","photoPath":"https://goodeggs4.imgix.net/5b4aefdb-cd46-415f-9e41-d4ea82594922.jpg?w=380&h=238&fm=jpg&auto=compress&fit=crop","price":"3.99","pricePer":"$6.72 / lb","purchaseUnit":"9.5 oz"},{"mainCategory":"Drinks","categoryName":"Coffee","subCategoryName":"Cold Brew & Ready to Drink","title":"Kenyan Kamoini Mill Cold Coffee","producer":"Four Barrel Coffee","photoPath":"https://goodeggs4.imgix.net/fbe9e78b-28d9-4c10-ac6a-13ebf74feeb0.jpg?w=380&h=238&fm=jpg&auto=compress&fit=crop","price":"4.79","pricePer":"$0.59 / fl oz","purchaseUnit":"8 fl oz"},{"mainCategory":"Drinks","categoryName":"Coffee","subCategoryName":"Cold Brew & Ready to Drink","title":"Kyoto Style Drip Coffee","producer":"Dripdash","photoPath":"https://goodeggs4.imgix.net/77651926-e020-46ed-89bc-dea8e2f20328.jpg?w=380&h=238&fm=jpg&auto=compress&fit=crop","price":"39.99","pricePer":"$0.39 / fl oz","purchaseUnit":"3 liter"},{"mainCategory":"Drinks","categoryName":"Coffee","subCategoryName":"Cold Brew & Ready to Drink","title":"Guatemalan Miramundo Cold Coffee","producer":"Four Barrel Coffee","photoPath":"https://goodeggs4.imgix.net/4b82af56-1ad9-42c3-a217-34e488cc9a51.jpg?w=380&h=238&fm=jpg&auto=compress&fit=crop","price":"4.79","pricePer":"$0.59 / fl oz","purchaseUnit":"8 fl oz"},{"mainCategory":"Drinks","categoryName":"Coffee","subCategoryName":"Cold Brew & Ready to Drink","title":"Ethiopian Halo Hartume Cold Coffee","producer":"Four Barrel Coffee","photoPath":"https://goodeggs4.imgix.net/1a852814-c5a2-40df-a3aa-66a563a15b71.jpg?w=380&h=238&fm=jpg&auto=compress&fit=crop","price":"4.79","pricePer":"$0.59 / fl oz","purchaseUnit":"8 fl oz"},{"mainCategory":"Drinks","categoryName":"Coffee","subCategoryName":"Cold Brew & Ready to Drink","title":"Vanilla Oat Milk Latte with Collagen","producer":"Pop & Bottle","photoPath":"https://goodeggs4.imgix.net/cd07f5f4-d378-4365-b637-bad09c464d99.jpg?w=380&h=238&fm=jpg&auto=compress&fit=crop","price":"4.99","pricePer":"$0.62 / fl oz","purchaseUnit":"8 fl oz"},{"mainCategory":"Drinks","categoryName":"Coffee","subCategoryName":"Cold Brew & Ready to Drink","title":"Classic Oat Milk Latte with Antioxidants","producer":"Pop & Bottle","photoPath":"https://goodeggs4.imgix.net/9409a129-6252-434a-8753-99632eb3319a.jpg?w=380&h=238&fm=jpg&auto=compress&fit=crop","price":"4.99","pricePer":"$0.62 / fl oz","purchaseUnit":"8 fl oz"},{"mainCategory":"Drinks","categoryName":"Coffee","subCategoryName":"Cold Brew & Ready to Drink","title":"Mocha Oat Milk Latte with Adaptogens","producer":"Pop & Bottle","photoPath":"https://goodeggs4.imgix.net/aba7a2ad-1a01-4660-aa2c-d2273dae908e.jpg?w=380&h=238&fm=jpg&auto=compress&fit=crop","price":"4.99","pricePer":"$0.62 / fl oz","purchaseUnit":"8 fl oz"},{"mainCategory":"Drinks","categoryName":"Coffee","subCategoryName":"Cold Brew & Ready to Drink","title":"Vanilla Cold Brew Almond Latte","producer":"Pop & Bottle","photoPath":"https://goodeggs4.imgix.net/7cf66420-ea32-4d97-bcb3-df5f3c21da10.jpg?w=380&h=238&fm=jpg&auto=compress&fit=crop","price":"4.99","pricePer":"$0.45 / fl oz","purchaseUnit":"11 fl oz"},{"mainCategory":"Drinks","categoryName":"Coffee","subCategoryName":"Cold Brew & Ready to Drink","title":"Organic Cold Brew Coffee Almond Milk","producer":"Pop & Bottle","photoPath":"https://goodeggs4.imgix.net/a19d9c67-e9f1-43c8-9ed5-cb816a9a7bfb.jpg?w=380&h=238&fm=jpg&auto=compress&fit=crop","price":"4.99","pricePer":"$0.45 / fl oz","purchaseUnit":"11 fl oz"},{"mainCategory":"Drinks","categoryName":"Coffee","subCategoryName":"Cold Brew & Ready to Drink","title":"Organic Mocha Almond Latte","producer":"Pop & Bottle","photoPath":"https://goodeggs4.imgix.net/ad660fc7-ad63-4cee-b9b1-e3639774cbfd.jpg?w=380&h=238&fm=jpg&auto=compress&fit=crop","price":"4.99","pricePer":"$0.45 / fl oz","purchaseUnit":"11 fl oz"},{"mainCategory":"Drinks","categoryName":"Coffee","subCategoryName":"Cold Brew & Ready to Drink","title":"Adaptogenic Black Coffee","producer":"Taika","photoPath":"https://goodeggs4.imgix.net/746f13d2-8dbe-42d3-a052-4c6f10db342d.jpg?w=380&h=238&fm=jpg&auto=compress&fit=crop","price":"5.99","pricePer":"$0.71 / fl oz","purchaseUnit":"8.4 fl oz"},{"mainCategory":"Drinks","categoryName":"Coffee","subCategoryName":"Cold Brew & Ready to Drink","title":"Adaptogenic Macadamia Milk Latte","producer":"Taika","photoPath":"https://goodeggs4.imgix.net/212cc31d-a7af-46d8-911a-f4430e835d45.jpg?w=380&h=238&fm=jpg&auto=compress&fit=crop","price":"5.99","pricePer":"$0.71 / fl oz","purchaseUnit":"8.4 fl oz"},{"mainCategory":"Drinks","categoryName":"Coffee","subCategoryName":"Cold Brew & Ready to Drink","title":"Adaptogenic Oat Milk Latte","producer":"Taika","photoPath":"https://goodeggs4.imgix.net/02798f57-397c-4618-9889-08314be02f92.jpg?w=380&h=238&fm=jpg&auto=compress&fit=crop","price":"5.99","pricePer":"$0.71 / fl oz","purchaseUnit":"8.4 fl oz"},{"mainCategory":"Drinks","categoryName":"Coffee","subCategoryName":"Cold Brew & Ready to Drink","title":"XX Espresso Cold Brew Coffee","producer":"Califia Farms","photoPath":"https://goodeggs4.imgix.net/b10bfce5-adf6-4fc4-ab69-d6f6423fb6d5.jpg?w=380&h=238&fm=jpg&auto=compress&fit=crop","price":"3.49","pricePer":"$0.33 / fl oz","purchaseUnit":"10.5 fl oz"},{"mainCategory":"Drinks","categoryName":"Coffee","subCategoryName":"Cold Brew & Ready to Drink","title":"Organic Cold Brew Coffee Protein","producer":"Rebbl","photoPath":"https://goodeggs4.imgix.net/aa9a3bcb-8672-448d-875d-52bc5515eb30.jpg?w=380&h=238&fm=jpg&auto=compress&fit=crop","price":"5.49","pricePer":"$0.46 / fl oz","purchaseUnit":"12 fl oz"},{"mainCategory":"Drinks","categoryName":"Coffee","subCategoryName":"Cold Brew & Ready to Drink","title":"Organic Maca Cold Brew","producer":"Rebbl","photoPath":"https://goodeggs4.imgix.net/5f26bc9a-6eab-4190-882d-4b4353d014c7.jpg?w=380&h=238&fm=jpg&auto=compress&fit=crop","price":"3.99","pricePer":"$0.33 / fl oz","purchaseUnit":"12 fl oz"},{"mainCategory":"Drinks","categoryName":"Coffee","subCategoryName":"Instant Coffee","title":"Instant Coffee Packets","producer":"Ritual Coffee Roasters","photoPath":"https://goodeggs4.imgix.net/db690450-3da8-4618-934d-b93039754f0c.jpg?w=380&h=238&fm=jpg&auto=compress&fit=crop","price":"14.99","pricePer":"$17.03 / oz","purchaseUnit":"5 count"},{"mainCategory":"Drinks","categoryName":"Coffee","subCategoryName":"Instant Coffee","title":"Organic Fair Trade Instant Coffee","producer":"Mount Hagen","photoPath":"https://goodeggs4.imgix.net/60492257-1bfb-4cb0-b97d-d4a8a352e45c.jpg?w=380&h=238&fm=jpg&auto=compress&fit=crop","price":"11.49","pricePer":"$3.25 / oz","purchaseUnit":"3.53 oz"},{"mainCategory":"Drinks","categoryName":"Coffee","subCategoryName":"Instant Coffee","title":"Organic Fair Trade Instant Coffee Packets","producer":"Mount Hagen","photoPath":"https://goodeggs4.imgix.net/b2253f00-84f2-4e66-8d62-146a29211f9c.jpg?w=380&h=238&fm=jpg&auto=compress&fit=crop","price":"8.49","pricePer":"$4.85 / oz","purchaseUnit":"25 count"},{"mainCategory":"Drinks","categoryName":"Coffee","subCategoryName":"Ground Coffee","title":"Organic French Roast Ground Coffee","producer":"Peet's Coffee","photoPath":"https://goodeggs4.imgix.net/7a6a0f08-3045-4e33-9137-6ace1a449f0f.jpg?w=380&h=238&fm=jpg&auto=compress&fit=crop","price":"12.99","pricePer":"$19.79 / lb","purchaseUnit":"10.5 oz"},{"mainCategory":"Drinks","categoryName":"Coffee","subCategoryName":"Ground Coffee","title":"Major Dickason's Blend Ground Coffee","producer":"Peet's Coffee","photoPath":"https://goodeggs4.imgix.net/7a943b42-39b0-4078-b269-cf3c242310f6.jpg?w=380&h=238&fm=jpg&auto=compress&fit=crop","price":"12.99","pricePer":"$19.79 / lb","purchaseUnit":"10.5 oz"},{"mainCategory":"Drinks","categoryName":"Coffee","subCategoryName":"Ground Coffee","title":"Big Bang Ground Coffee","producer":"Peet's Coffee","photoPath":"https://goodeggs4.imgix.net/18da87d6-2e81-4c70-98a6-d4a56932ad3a.jpg?w=380&h=238&fm=jpg&auto=compress&fit=crop","price":"12.99","pricePer":"$19.79 / lb","purchaseUnit":"10.5 oz"},{"mainCategory":"Drinks","categoryName":"Coffee","subCategoryName":"Ground Coffee","title":"Decaf French Roast Ground Coffee","producer":"Peet's Coffee","photoPath":"https://goodeggs4.imgix.net/d62be86f-f5f7-405c-b765-f2ef98b119d3.jpg?w=380&h=238&fm=jpg&auto=compress&fit=crop","price":"12.99","pricePer":"$19.79 / lb","purchaseUnit":"10.5 oz"},{"mainCategory":"Drinks","categoryName":"Coffee","subCategoryName":"Ground Coffee","title":"Decaf Major Dickason's Blend Ground Coffee","producer":"Peet's Coffee","photoPath":"https://goodeggs4.imgix.net/f65d1bef-f3a3-4418-988b-26dc425c44fc.jpg?w=380&h=238&fm=jpg&auto=compress&fit=crop","price":"12.99","pricePer":"$19.79 / lb","purchaseUnit":"10.5 oz"},{"mainCategory":"Drinks","categoryName":"Coffee","subCategoryName":"Ground Coffee","title":"Organic Breakfast Blend Ground Coffee","producer":"Equal Exchange","photoPath":"https://goodeggs4.imgix.net/25aca536-c1be-49d2-8c27-f4bca12f4bd8.jpg?w=380&h=238&fm=jpg&auto=compress&fit=crop","price":"9.49","pricePer":"$12.65 / lb","purchaseUnit":"12 oz"},{"mainCategory":"Drinks","categoryName":"Coffee","subCategoryName":"Ground Coffee","title":"Organic Mind, Body & Soul Ground Coffee","producer":"Equal Exchange","photoPath":"https://goodeggs4.imgix.net/02d1d403-946a-47dd-98e8-9c4141b45e37.jpg?w=380&h=238&fm=jpg&auto=compress&fit=crop","price":"9.49","pricePer":"$12.65 / lb","purchaseUnit":"12 oz"},{"mainCategory":"Drinks","categoryName":"Coffee","subCategoryName":"Ground Coffee","title":"Organic French Roast Ground Coffee","producer":"Equal Exchange","photoPath":"https://goodeggs4.imgix.net/a7872103-9b59-4819-b7c5-12cf176d47bf.jpg?w=380&h=238&fm=jpg&auto=compress&fit=crop","price":"9.49","pricePer":"$15.18 / lb","purchaseUnit":"10 oz"},{"mainCategory":"Drinks","categoryName":"Coffee","subCategoryName":"Ground Coffee","title":"Organic Ethiopian Ground Coffee","producer":"Equal Exchange","photoPath":"https://goodeggs4.imgix.net/57f59a80-120b-4d6a-816f-bf946b2da3c9.jpg?w=380&h=238&fm=jpg&auto=compress&fit=crop","price":"9.49","pricePer":"$12.65 / lb","purchaseUnit":"12 oz"},{"mainCategory":"Drinks","categoryName":"Coffee","subCategoryName":"Ground Coffee","title":"French Roast Ground Haitian Coffee","producer":"Devil's Gulch Ranch","photoPath":"https://goodeggs4.imgix.net/b5769f18-19b0-421f-bdb0-7461a8fffa8d.jpg?w=380&h=238&fm=jpg&auto=compress&fit=crop","price":"17.99","pricePer":"$23.98 / lb","purchaseUnit":"12 oz"},{"mainCategory":"Drinks","categoryName":"Coffee","subCategoryName":"Ground Coffee","title":"Basecamp Blend Pour Over Coffee","producer":"Kuju Coffee","photoPath":"https://goodeggs4.imgix.net/0b61c70f-9b13-4deb-bd05-b90d79ba78f9.jpg?w=380&h=238&fm=jpg&auto=compress&fit=crop","price":"9.99","pricePer":null,"purchaseUnit":"6 count"},{"mainCategory":"Drinks","categoryName":"Coffee","subCategoryName":"Ground Coffee","title":"Angel's Landing Pour Over Coffee","producer":"Kuju Coffee","photoPath":"https://goodeggs4.imgix.net/f360f570-60a6-418b-9ccf-ddc913dc872c.jpg?w=380&h=238&fm=jpg&auto=compress&fit=crop","price":"9.99","pricePer":null,"purchaseUnit":"6 count"},{"mainCategory":"Drinks","categoryName":"Coffee","subCategoryName":"Ground Coffee","title":"Bold Awakening Pour Over Coffee","producer":"Kuju Coffee","photoPath":"https://goodeggs4.imgix.net/13704364-9ccb-47c2-9150-f493c13e60df.jpg?w=380&h=238&fm=jpg&auto=compress&fit=crop","price":"9.99","pricePer":null,"purchaseUnit":"6 count"},{"mainCategory":"Drinks","categoryName":"Coffee","subCategoryName":"Medium Roast","title":"Tesora Coffee Beans","producer":"Philz Coffee","photoPath":"https://goodeggs4.imgix.net/c69661b8-b738-4961-a473-0214519d8683.jpg?w=380&h=238&fm=jpg&auto=compress&fit=crop","price":"14.99","pricePer":"$19.98 / lb","purchaseUnit":"12 oz"},{"mainCategory":"Drinks","categoryName":"Coffee","subCategoryName":"Medium Roast","title":"Silken Splendor Coffee Beans","producer":"Philz Coffee","photoPath":"https://goodeggs4.imgix.net/59f7b29a-abbc-4a76-885d-445a8aa2a23f.jpg?w=380&h=238&fm=jpg&auto=compress&fit=crop","price":"14.99","pricePer":"$19.98 / lb","purchaseUnit":"12 oz"},{"mainCategory":"Drinks","categoryName":"Coffee","subCategoryName":"Medium Roast","title":"Organic Mind, Body & Soul Coffee Beans","producer":"Equal Exchange","photoPath":"https://goodeggs4.imgix.net/3a912cf1-aa40-4aa7-ae87-9cf181ceedad.jpg?w=380&h=238&fm=jpg&auto=compress&fit=crop","price":"9.49","pricePer":"$12.65 / lb","purchaseUnit":"12 oz"},{"mainCategory":"Drinks","categoryName":"Coffee","subCategoryName":"Medium Roast","title":"Organic Ethiopian Coffee Beans","producer":"Equal Exchange","photoPath":"https://goodeggs4.imgix.net/c26afe0e-7021-4b26-9d69-86669d3baf27.jpg?w=380&h=238&fm=jpg&auto=compress&fit=crop","price":"9.49","pricePer":"$12.65 / lb","purchaseUnit":"12 oz"},{"mainCategory":"Drinks","categoryName":"Coffee","subCategoryName":"Medium Roast","title":"Organic Ethiopian Ground Coffee","producer":"Equal Exchange","photoPath":"https://goodeggs4.imgix.net/57f59a80-120b-4d6a-816f-bf946b2da3c9.jpg?w=380&h=238&fm=jpg&auto=compress&fit=crop","price":"9.49","pricePer":"$12.65 / lb","purchaseUnit":"12 oz"},{"mainCategory":"Drinks","categoryName":"Coffee","subCategoryName":"Medium Roast","title":"Big Bang Ground Coffee","producer":"Peet's Coffee","photoPath":"https://goodeggs4.imgix.net/18da87d6-2e81-4c70-98a6-d4a56932ad3a.jpg?w=380&h=238&fm=jpg&auto=compress&fit=crop","price":"12.99","pricePer":"$19.79 / lb","purchaseUnit":"10.5 oz"},{"mainCategory":"Drinks","categoryName":"Coffee","subCategoryName":"Medium Roast","title":"Coltrane Single Origin Colombian","producer":"Red Bay Coffee ","photoPath":"https://goodeggs4.imgix.net/103f2ac5-5383-41bb-ae9d-8852e6e0f658.jpg?w=380&h=238&fm=jpg&auto=compress&fit=crop","price":"15.99","pricePer":"$21.32 / lb","purchaseUnit":"12 oz"},{"mainCategory":"Drinks","categoryName":"Coffee","subCategoryName":"Medium Roast","title":"Brazilian Cake Lady Single Origin","producer":"Red Bay Coffee ","photoPath":"https://goodeggs4.imgix.net/e146b186-e9a2-444f-8cd1-37492672bebb.jpg?w=380&h=238&fm=jpg&auto=compress&fit=crop","price":"15.99","pricePer":"$21.32 / lb","purchaseUnit":"12 oz"},{"mainCategory":"Drinks","categoryName":"Coffee","subCategoryName":"Medium Roast","title":"King's Prize Single Origin Ethiopian","producer":"Red Bay Coffee ","photoPath":"https://goodeggs4.imgix.net/5c2e7a4a-9552-43b3-9394-7f061ea6e4d8.jpg?w=380&h=238&fm=jpg&auto=compress&fit=crop","price":"15.99","pricePer":"$21.32 / lb","purchaseUnit":"12 oz"},{"mainCategory":"Drinks","categoryName":"Coffee","subCategoryName":"Medium Roast","title":"Big Bang Coffee","producer":"Peet's Coffee","photoPath":"https://goodeggs4.imgix.net/b50e0d3d-7286-4692-a506-088997cce19e.jpg?w=380&h=238&fm=jpg&auto=compress&fit=crop","price":"12.99","pricePer":"$19.79 / lb","purchaseUnit":"10.5 oz"},{"mainCategory":"Drinks","categoryName":"Coffee","subCategoryName":"Medium Roast","title":"Rotating African Single Origin","producer":"Lady Falcon Coffee Club","photoPath":"https://goodeggs4.imgix.net/4316ccab-c82f-4e0c-a2b8-dd758a0a8d0c.jpg?w=380&h=238&fm=jpg&auto=compress&fit=crop","price":"13.99","pricePer":"$22.16 / lb","purchaseUnit":"10.1 oz"},{"mainCategory":"Drinks","categoryName":"Coffee","subCategoryName":"Medium Roast","title":"Stoked Blend","producer":"Lady Falcon Coffee Club","photoPath":"https://goodeggs4.imgix.net/14619eba-bf4f-4a23-b1da-86e66956b36b.jpg?w=380&h=238&fm=jpg&auto=compress&fit=crop","price":"13.69","pricePer":"$21.68 / lb","purchaseUnit":"10.1 oz"},{"mainCategory":"Drinks","categoryName":"Coffee","subCategoryName":"Medium Roast","title":"Epic Blend","producer":"Lady Falcon Coffee Club","photoPath":"https://goodeggs4.imgix.net/af53272f-41c5-497f-aff1-2f1283d01a94.jpg?w=380&h=238&fm=jpg&auto=compress&fit=crop","price":"13.69","pricePer":"$21.68 / lb","purchaseUnit":"10.1 oz"},{"mainCategory":"Drinks","categoryName":"Coffee","subCategoryName":"Medium Roast","title":"Atta Girl Blend","producer":"Lady Falcon Coffee Club","photoPath":"https://goodeggs4.imgix.net/4316ccab-c82f-4e0c-a2b8-dd758a0a8d0c.jpg?w=380&h=238&fm=jpg&auto=compress&fit=crop","price":"13.69","pricePer":"$21.68 / lb","purchaseUnit":"10.1 oz"},{"mainCategory":"Drinks","categoryName":"Coffee","subCategoryName":"Medium Roast","title":"Holdin' It Down Blend","producer":"Lady Falcon Coffee Club","photoPath":"https://goodeggs4.imgix.net/f549f3ed-54c8-44b7-b1b5-9ff0e647ce38.jpg?w=380&h=238&fm=jpg&auto=compress&fit=crop","price":"13.69","pricePer":"$21.68 / lb","purchaseUnit":"10.1 oz"},{"mainCategory":"Drinks","categoryName":"Coffee","subCategoryName":"Medium Roast","title":"Stairwell 7","producer":"Lady Falcon Coffee Club","photoPath":"https://goodeggs4.imgix.net/4316ccab-c82f-4e0c-a2b8-dd758a0a8d0c.jpg?w=380&h=238&fm=jpg&auto=compress&fit=crop","price":"13.99","pricePer":"$22.16 / lb","purchaseUnit":"10.1 oz"},{"mainCategory":"Drinks","categoryName":"Coffee","subCategoryName":"Medium Roast","title":"Atelier Crenn Coffee Blend","producer":"Equator Coffees","photoPath":"https://goodeggs4.imgix.net/1776b189-06c9-4cf3-9757-f3ddf8f8f52b.jpg?w=380&h=238&fm=jpg&auto=compress&fit=crop","price":"17.99","pricePer":"$23.98 / lb","purchaseUnit":"12 oz"},{"mainCategory":"Drinks","categoryName":"Coffee","subCategoryName":"Medium Roast","title":"Equator Blend","producer":"Equator Coffees","photoPath":"https://goodeggs4.imgix.net/60871396-c4b6-4917-811f-a77c560e9af2.jpg?w=380&h=238&fm=jpg&auto=compress&fit=crop","price":"15.49","pricePer":"$20.65 / lb","purchaseUnit":"12 oz"},{"mainCategory":"Drinks","categoryName":"Coffee","subCategoryName":"Medium Roast","title":"Organic Mocha Java Blend","producer":"Equator Coffees","photoPath":"https://goodeggs4.imgix.net/90e05cfb-f6fe-44e1-ba4e-f70ca804107c.jpg?w=380&h=238&fm=jpg&auto=compress&fit=crop","price":"16.99","pricePer":"$22.65 / lb","purchaseUnit":"12 oz"},{"mainCategory":"Drinks","categoryName":"Coffee","subCategoryName":"Medium Roast","title":"Sumatra Lintong Full City+ Roast Coffee Beans","producer":"HelioRoast Coffee","photoPath":"https://goodeggs4.imgix.net/f15240d1-f764-452b-bba3-5464a05796d6.jpg?w=380&h=238&fm=jpg&auto=compress&fit=crop","price":"13.99","pricePer":"$18.65 / lb","purchaseUnit":"12 oz"},{"mainCategory":"Drinks","categoryName":"Coffee","subCategoryName":"Medium Roast","title":"Ethiopia Yirga Cheffe Coffee Beans","producer":"HelioRoast Coffee","photoPath":"https://goodeggs4.imgix.net/95e4a95c-41be-4e0b-a44a-170444d4bafa.jpg?w=380&h=238&fm=jpg&auto=compress&fit=crop","price":"13.99","pricePer":"$18.65 / lb","purchaseUnit":"12 oz"},{"mainCategory":"Drinks","categoryName":"Coffee","subCategoryName":"Medium Roast","title":"The Baird ~ House Blend","producer":"OneNinetySeven","photoPath":"https://goodeggs4.imgix.net/89585359-2562-4f27-b5dd-d86cd1743356.jpg?w=380&h=238&fm=jpg&auto=compress&fit=crop","price":"11.99","pricePer":"$23.98 / lb","purchaseUnit":"8 oz"},{"mainCategory":"Drinks","categoryName":"Coffee","subCategoryName":"Espresso","title":"01 Espresso Coffee Beans","producer":"Coffee Manufactory","photoPath":"https://goodeggs4.imgix.net/dc389077-ce4b-4635-9d00-a3e48bcf5497.jpg?w=380&h=238&fm=jpg&auto=compress&fit=crop","price":"13.99","pricePer":"$18.65 / lb","purchaseUnit":"12 oz"},{"mainCategory":"Drinks","categoryName":"Coffee","subCategoryName":"Espresso","title":"Queen of the Beach Seasonal Espresso","producer":"Lady Falcon Coffee Club","photoPath":"https://goodeggs4.imgix.net/f549f3ed-54c8-44b7-b1b5-9ff0e647ce38.jpg?w=380&h=238&fm=jpg&auto=compress&fit=crop","price":"13.69","pricePer":"$21.68 / lb","purchaseUnit":"10.1 oz"},{"mainCategory":"Drinks","categoryName":"Coffee","subCategoryName":"Espresso","title":"Ethiopia Yirga Cheffe Coffee Beans","producer":"HelioRoast Coffee","photoPath":"https://goodeggs4.imgix.net/95e4a95c-41be-4e0b-a44a-170444d4bafa.jpg?w=380&h=238&fm=jpg&auto=compress&fit=crop","price":"13.99","pricePer":"$18.65 / lb","purchaseUnit":"12 oz"},{"mainCategory":"Drinks","categoryName":"Coffee","subCategoryName":"Espresso","title":"Subtext ~ Espresso","producer":"OneNinetySeven","photoPath":"https://goodeggs4.imgix.net/3af479f0-7de7-11eb-8994-e1a9d560c915?w=380&h=238&fm=jpg&auto=compress&fit=crop","price":"11.99","pricePer":"$23.98 / lb","purchaseUnit":"8 oz"},{"mainCategory":"Drinks","categoryName":"Coffee","subCategoryName":"Decaf Coffee","title":"00 Decaf Coffee Beans","producer":"Coffee Manufactory","photoPath":"https://goodeggs4.imgix.net/75127b4e-4fad-4313-a930-c50410c59cec.jpg?w=380&h=238&fm=jpg&auto=compress&fit=crop","price":"13.99","pricePer":"$18.65 / lb","purchaseUnit":"12 oz"},{"mainCategory":"Drinks","categoryName":"Coffee","subCategoryName":"Decaf Coffee","title":"Organic Decaf Blend","producer":"Equator Coffees","photoPath":"https://goodeggs4.imgix.net/14ec5268-60fb-4a98-89f4-aa23ade66cff.jpg?w=380&h=238&fm=jpg&auto=compress&fit=crop","price":"16.49","pricePer":"$21.98 / lb","purchaseUnit":"12 oz"},{"mainCategory":"Drinks","categoryName":"Coffee","subCategoryName":"Decaf Coffee","title":"Ruby's Roast Water Processed Decaf","producer":"Ruby's Roast","photoPath":"https://goodeggs4.imgix.net/64dd53e9-5851-4862-a09f-b1456f2fc645.jpg?w=380&h=238&fm=jpg&auto=compress&fit=crop","price":"14.99","pricePer":"$19.98 / lb","purchaseUnit":"12 oz"},{"mainCategory":"Drinks","categoryName":"Coffee","subCategoryName":"Decaf Coffee","title":"Ethiopia Ardi Decaf","producer":"HelioRoast Coffee","photoPath":"https://goodeggs4.imgix.net/bb571ba4-ad7a-4df3-b1e3-d64875fa28d2.jpg?w=380&h=238&fm=jpg&auto=compress&fit=crop","price":"13.99","pricePer":"$18.65 / lb","purchaseUnit":"12 oz"},{"mainCategory":"Drinks","categoryName":"Tea","subCategoryName":"Ready to Drink","title":"Peach Black Tea Organic Sparkling Water","producer":"Nixie Sparkling Water","photoPath":"https://goodeggs4.imgix.net/16b2947c-4131-4bf1-a5bb-ed8d1e38b198.jpg?w=380&h=238&fm=jpg&auto=compress&fit=crop","price":"6.99","pricePer":"$0.07 / fl oz","purchaseUnit":"8 count"},{"mainCategory":"Drinks","categoryName":"Tea","subCategoryName":"Ready to Drink","title":"Pomegranate Green Tea Organic Sparkling Water","producer":"Nixie Sparkling Water","photoPath":"https://goodeggs4.imgix.net/57d6590d-91e7-42ce-855e-2b078270722e.jpg?w=380&h=238&fm=jpg&auto=compress&fit=crop","price":"6.99","pricePer":"$0.07 / fl oz","purchaseUnit":"8 count"},{"mainCategory":"Drinks","categoryName":"Tea","subCategoryName":"Ready to Drink","title":"Hojicha Roasted Green M!lk Tea","producer":"Twrl M!lk Tea","photoPath":"https://goodeggs4.imgix.net/85648b43-0069-4fce-88d3-8325472732ff.jpg?w=380&h=238&fm=jpg&auto=compress&fit=crop","price":"3.99","pricePer":"$0.53 / oz","purchaseUnit":"7.5 oz"},{"mainCategory":"Drinks","categoryName":"Tea","subCategoryName":"Ready to Drink","title":"Supreme Jasmine M!lk Tea","producer":"Twrl M!lk Tea","photoPath":"https://goodeggs4.imgix.net/2ab4bb3c-e9b6-4324-86c5-44c222a39d2a.jpg?w=380&h=238&fm=jpg&auto=compress&fit=crop","price":"3.99","pricePer":"$0.53 / oz","purchaseUnit":"7.5 oz"},{"mainCategory":"Drinks","categoryName":"Tea","subCategoryName":"Ready to Drink","title":"Original Black M!lk Tea","producer":"Twrl M!lk Tea","photoPath":"https://goodeggs4.imgix.net/374e272f-f36a-4bbc-be31-926022465981.jpg?w=380&h=238&fm=jpg&auto=compress&fit=crop","price":"3.99","pricePer":"$0.53 / oz","purchaseUnit":"7.5 oz"},{"mainCategory":"Drinks","categoryName":"Tea","subCategoryName":"Ready to Drink","title":"Sparkling Jasmine Tea","producer":"Hoptonic Tea ","photoPath":"https://goodeggs4.imgix.net/cd18a86a-3896-42a5-a573-f6b29a9d4272.jpg?w=380&h=238&fm=jpg&auto=compress&fit=crop","price":"3.49","pricePer":"$0.22 / fl oz","purchaseUnit":"1 count"},{"mainCategory":"Drinks","categoryName":"Tea","subCategoryName":"Ready to Drink","title":"Sparkling Chamomile Lavender Tea","producer":"Hoptonic Tea ","photoPath":"https://goodeggs4.imgix.net/79b1d044-7df8-4682-b64d-850f9a663f8f.jpg?w=380&h=238&fm=jpg&auto=compress&fit=crop","price":"3.49","pricePer":"$0.22 / fl oz","purchaseUnit":"1 count"},{"mainCategory":"Drinks","categoryName":"Tea","subCategoryName":"Ready to Drink","title":"Sparkling Earl Grey Tea","producer":"Hoptonic Tea ","photoPath":"https://goodeggs4.imgix.net/f9d960d6-1ca9-4875-9cdf-da8d3c85ab67.jpg?w=380&h=238&fm=jpg&auto=compress&fit=crop","price":"3.49","pricePer":"$0.22 / fl oz","purchaseUnit":"1 count"},{"mainCategory":"Drinks","categoryName":"Tea","subCategoryName":"Ready to Drink","title":"Pineapple Mint Iced Tea","producer":"Shaka Tea","photoPath":"https://goodeggs4.imgix.net/04530706-6ebc-4444-96ed-ceb66dc31a7b.jpg?w=380&h=238&fm=jpg&auto=compress&fit=crop","price":"2.99","pricePer":null,"purchaseUnit":"14 fl oz"},{"mainCategory":"Drinks","categoryName":"Tea","subCategoryName":"Ready to Drink","title":"Guava Gingerblossom Iced Tea","producer":"Shaka Tea","photoPath":"https://goodeggs4.imgix.net/9a0d8ff7-d3da-4305-b866-e9c3e9f2483b.jpg?w=380&h=238&fm=jpg&auto=compress&fit=crop","price":"2.99","pricePer":null,"purchaseUnit":"14 fl oz"},{"mainCategory":"Drinks","categoryName":"Tea","subCategoryName":"Ready to Drink","title":"Mango Hibiscus Iced Tea","producer":"Shaka Tea","photoPath":"https://goodeggs4.imgix.net/6d802857-8092-4962-9cc5-5550221d2fdd.jpg?w=380&h=238&fm=jpg&auto=compress&fit=crop","price":"2.99","pricePer":null,"purchaseUnit":"14 fl oz"},{"mainCategory":"Drinks","categoryName":"Tea","subCategoryName":"Ready to Drink","title":"Lemon Lokelani Rose Iced Tea","producer":"Shaka Tea","photoPath":"https://goodeggs4.imgix.net/d55d6295-5d47-427b-82e0-29f959fc5ad6.jpg?w=380&h=238&fm=jpg&auto=compress&fit=crop","price":"2.99","pricePer":null,"purchaseUnit":"14 fl oz"},{"mainCategory":"Drinks","categoryName":"Tea","subCategoryName":"Ready to Drink","title":"Chai Latte Brew Concentrate","producer":"The Chai Cart","photoPath":"https://goodeggs4.imgix.net/65de66e0-d554-47fb-adda-7057f311824e.jpg?w=380&h=238&fm=jpg&auto=compress&fit=crop","price":"11.99","pricePer":"$0.19 / fl oz","purchaseUnit":"64 fl oz"},{"mainCategory":"Drinks","categoryName":"Tea","subCategoryName":"Ready to Drink","title":"Organic Enlighten Mint Yerba Mate","producer":"Guayaki","photoPath":"https://goodeggs4.imgix.net/a6b9a096-91ae-4e7a-a5ee-1a129d4c40ea.jpg?w=380&h=238&fm=jpg&auto=compress&fit=crop","price":"2.99","pricePer":"$0.19 / fl oz","purchaseUnit":"15.5 fl oz"},{"mainCategory":"Drinks","categoryName":"Tea","subCategoryName":"Ready to Drink","title":"Organic Traditional Tereré Yerba Mate","producer":"Guayaki","photoPath":"https://goodeggs4.imgix.net/88a424cd-0eb2-4e02-a110-980ccae2dd7b.jpg?w=380&h=238&fm=jpg&auto=compress&fit=crop","price":"2.99","pricePer":"$0.19 / fl oz","purchaseUnit":"16 fl oz"},{"mainCategory":"Drinks","categoryName":"Tea","subCategoryName":"Ready to Drink","title":"Organic Bluephoria Yerba Mate","producer":"Guayaki","photoPath":"https://goodeggs4.imgix.net/1d969f3f-9eaf-482e-b643-db1b4d98335f.jpg?w=380&h=238&fm=jpg&auto=compress&fit=crop","price":"2.99","pricePer":"$0.19 / fl oz","purchaseUnit":"15.5 fl oz"},{"mainCategory":"Drinks","categoryName":"Tea","subCategoryName":"Ready to Drink","title":"Organic Grapefruit Ginger Sparkling Yerba Mate","producer":"Guayaki","photoPath":"https://goodeggs4.imgix.net/7538a593-a816-4d5f-ad71-090a549db8b7.jpg?w=380&h=238&fm=jpg&auto=compress&fit=crop","price":"2.99","pricePer":"$0.25 / fl oz","purchaseUnit":"12 fl oz"},{"mainCategory":"Drinks","categoryName":"Tea","subCategoryName":"Ready to Drink","title":"Organic Revel Berry Yerba Mate","producer":"Guayaki","photoPath":"https://goodeggs4.imgix.net/12531342-6ad0-4ae8-8caf-a425a16e492f.jpg?w=380&h=238&fm=jpg&auto=compress&fit=crop","price":"2.99","pricePer":"$0.19 / fl oz","purchaseUnit":"15.5 fl oz"},{"mainCategory":"Drinks","categoryName":"Tea","subCategoryName":"Ready to Drink","title":"Organic Classic Gold Sparkling Yerba Mate","producer":"Guayaki","photoPath":"https://goodeggs4.imgix.net/e314907f-463c-4a5c-a716-0d78bd273d6f.jpg?w=380&h=238&fm=jpg&auto=compress&fit=crop","price":"2.79","pricePer":"$0.23 / fl oz","purchaseUnit":"12 fl oz"},{"mainCategory":"Drinks","categoryName":"Tea","subCategoryName":"Ready to Drink","title":"Organic Unsweetened Tereré Yerba Mate","producer":"Guayaki","photoPath":"https://goodeggs4.imgix.net/a04ff832-472e-4a06-8d40-50a209188a83.jpg?w=380&h=238&fm=jpg&auto=compress&fit=crop","price":"2.99","pricePer":"$0.19 / fl oz","purchaseUnit":"16 fl oz"},{"mainCategory":"Drinks","categoryName":"Tea","subCategoryName":"Ready to Drink","title":"Organic Matcha Almond Milk Latte","producer":"Pop & Bottle","photoPath":"https://goodeggs4.imgix.net/fa913db2-5efb-4c08-aa06-8ba45fde85e4.jpg?w=380&h=238&fm=jpg&auto=compress&fit=crop","price":"4.99","pricePer":"$0.45 / fl oz","purchaseUnit":"11 fl oz"},{"mainCategory":"Drinks","categoryName":"Tea","subCategoryName":"Ready to Drink","title":"Rooibos Refresher","producer":"Amawele’s South African Kitchen","photoPath":"https://goodeggs4.imgix.net/502248d0-e464-4d63-87c4-c0007536cd25.jpg?w=380&h=238&fm=jpg&auto=compress&fit=crop","price":"2.99","pricePer":null,"purchaseUnit":"16 fl oz"},{"mainCategory":"Drinks","categoryName":"Tea","subCategoryName":"Ready to Drink","title":"Matcha Almond Milk","producer":"Marin Living Foods","photoPath":"https://goodeggs4.imgix.net/ef789018-0f39-4769-96b1-5f5e7faf463f.jpg?w=380&h=238&fm=jpg&auto=compress&fit=crop","price":"7.99","pricePer":null,"purchaseUnit":"12 fl oz"},{"mainCategory":"Drinks","categoryName":"Tea","subCategoryName":"Black Tea","title":"Original Black M!lk Tea","producer":"Twrl M!lk Tea","photoPath":"https://goodeggs4.imgix.net/374e272f-f36a-4bbc-be31-926022465981.jpg?w=380&h=238&fm=jpg&auto=compress&fit=crop","price":"3.99","pricePer":"$0.53 / oz","purchaseUnit":"7.5 oz"},{"mainCategory":"Drinks","categoryName":"Tea","subCategoryName":"Black Tea","title":"Chai Latte Brew Concentrate","producer":"The Chai Cart","photoPath":"https://goodeggs4.imgix.net/65de66e0-d554-47fb-adda-7057f311824e.jpg?w=380&h=238&fm=jpg&auto=compress&fit=crop","price":"11.99","pricePer":"$0.19 / fl oz","purchaseUnit":"64 fl oz"},{"mainCategory":"Drinks","categoryName":"Tea","subCategoryName":"Black Tea","title":"English Breakfast Tea Bags","producer":"Teapigs","photoPath":"https://goodeggs4.imgix.net/a839f17f-0d5c-4676-860d-0f08873cedc2.jpg?w=380&h=238&fm=jpg&auto=compress&fit=crop","price":"8.99","pricePer":null,"purchaseUnit":"15 count"},{"mainCategory":"Drinks","categoryName":"Tea","subCategoryName":"Black Tea","title":"Darjeeling Earl Grey Tea Bags","producer":"Teapigs","photoPath":"https://goodeggs4.imgix.net/78f00e61-65dd-439d-8d85-aaa382998a7c.jpg?w=380&h=238&fm=jpg&auto=compress&fit=crop","price":"8.99","pricePer":null,"purchaseUnit":"15 count"},{"mainCategory":"Drinks","categoryName":"Tea","subCategoryName":"Black Tea","title":"British Breakfast Black Tea","producer":"The Republic of Tea","photoPath":"https://goodeggs4.imgix.net/a41524ad-276e-424f-8f22-594f421bb043.jpg?w=380&h=238&fm=jpg&auto=compress&fit=crop","price":"10.99","pricePer":null,"purchaseUnit":"50 count"},{"mainCategory":"Drinks","categoryName":"Tea","subCategoryName":"Black Tea","title":"Earl Greyer Black Tea","producer":"The Republic of Tea","photoPath":"https://goodeggs4.imgix.net/881f07d2-543a-40a0-a920-794194ef9a48.jpg?w=380&h=238&fm=jpg&auto=compress&fit=crop","price":"10.99","pricePer":null,"purchaseUnit":"50 count"},{"mainCategory":"Drinks","categoryName":"Tea","subCategoryName":"Black Tea","title":"Boba Guys Blend Black Tea No. 1","producer":"Tea People","photoPath":"https://goodeggs4.imgix.net/954a9df1-93d0-45c2-956f-4c72eb7b39f4.jpg?w=380&h=238&fm=jpg&auto=compress&fit=crop","price":"5.99","pricePer":"$2.99 / oz","purchaseUnit":"2 oz"},{"mainCategory":"Drinks","categoryName":"Tea","subCategoryName":"Black Tea","title":"Organic Grand Crimson Loose Tea","producer":"Five Mountains Heirloom Organic Tea","photoPath":"https://goodeggs4.imgix.net/2669a26f-dec0-4352-b9eb-2e8c310fcf72.jpg?w=380&h=238&fm=jpg&auto=compress&fit=crop","price":"14.99","pricePer":"$4.99 / oz","purchaseUnit":"3 oz"},{"mainCategory":"Drinks","categoryName":"Tea","subCategoryName":"Black Tea","title":"Organic Lychee Black Loose Tea","producer":"Five Mountains Heirloom Organic Tea","photoPath":"https://goodeggs4.imgix.net/b41eac5b-c4a1-42a7-aee3-e024ff90c10d.jpg?w=380&h=238&fm=jpg&auto=compress&fit=crop","price":"14.99","pricePer":"$4.99 / oz","purchaseUnit":"3 oz"},{"mainCategory":"Drinks","categoryName":"Tea","subCategoryName":"Black Tea","title":"T-sac Loose Leaf Tea Filters","producer":"Five Mountains Heirloom Organic Tea","photoPath":"https://goodeggs4.imgix.net/5b8499b6-256c-4ebc-b0de-1ab9e79af117.jpg?w=380&h=238&fm=jpg&auto=compress&fit=crop","price":"9.99","pricePer":null,"purchaseUnit":"100 count"},{"mainCategory":"Drinks","categoryName":"Tea","subCategoryName":"Black Tea","title":"Organic Aged Earl Grey Tea Bags","producer":"Numi Organic Tea","photoPath":"https://goodeggs4.imgix.net/922bcc84-230a-437e-a12a-71d45f5d85c0.jpg?w=380&h=238&fm=jpg&auto=compress&fit=crop","price":"6.99","pricePer":"$5.50 / oz","purchaseUnit":"18 count"},{"mainCategory":"Drinks","categoryName":"Tea","subCategoryName":"Black Tea","title":"Organic Breakfast Blend Tea Bags","producer":"Numi Organic Tea","photoPath":"https://goodeggs4.imgix.net/7aa3da90-5f0a-4df7-ac03-c08042a7ab75.jpg?w=380&h=238&fm=jpg&auto=compress&fit=crop","price":"6.99","pricePer":"$4.99 / oz","purchaseUnit":"18 count"},{"mainCategory":"Drinks","categoryName":"Tea","subCategoryName":"Green Tea","title":"Hojicha Roasted Green M!lk Tea","producer":"Twrl M!lk Tea","photoPath":"https://goodeggs4.imgix.net/85648b43-0069-4fce-88d3-8325472732ff.jpg?w=380&h=238&fm=jpg&auto=compress&fit=crop","price":"3.99","pricePer":"$0.53 / oz","purchaseUnit":"7.5 oz"},{"mainCategory":"Drinks","categoryName":"Tea","subCategoryName":"Green Tea","title":"Supreme Jasmine M!lk Tea","producer":"Twrl M!lk Tea","photoPath":"https://goodeggs4.imgix.net/2ab4bb3c-e9b6-4324-86c5-44c222a39d2a.jpg?w=380&h=238&fm=jpg&auto=compress&fit=crop","price":"3.99","pricePer":"$0.53 / oz","purchaseUnit":"7.5 oz"},{"mainCategory":"Drinks","categoryName":"Tea","subCategoryName":"Green Tea","title":"Organic Spring Jade Loose Green Tea","producer":"Five Mountains Heirloom Organic Tea","photoPath":"https://goodeggs4.imgix.net/d97aca59-5029-42f5-93ad-4508a5d27db3.jpg?w=380&h=238&fm=jpg&auto=compress&fit=crop","price":"14.99","pricePer":"$4.99 / oz","purchaseUnit":"3 oz"},{"mainCategory":"Drinks","categoryName":"Tea","subCategoryName":"Green Tea","title":"Organic Jasmine Loose Green Tea","producer":"Five Mountains Heirloom Organic Tea","photoPath":"https://goodeggs4.imgix.net/12072dfa-3d56-4a93-a51f-20ab4f88735e.jpg?w=380&h=238&fm=jpg&auto=compress&fit=crop","price":"19.99","pricePer":"$6.66 / oz","purchaseUnit":"3 oz"},{"mainCategory":"Drinks","categoryName":"Tea","subCategoryName":"Green Tea","title":"Organic Roasted Tender Branch Loose Tea","producer":"Five Mountains Heirloom Organic Tea","photoPath":"https://goodeggs4.imgix.net/ce6381a2-d15e-497f-b311-4f6637e763e4.jpg?w=380&h=238&fm=jpg&auto=compress&fit=crop","price":"19.99","pricePer":"$6.66 / oz","purchaseUnit":"3 oz"},{"mainCategory":"Drinks","categoryName":"Tea","subCategoryName":"Green Tea","title":"Mao Feng Green Tea Bags","producer":"Teapigs","photoPath":"https://goodeggs4.imgix.net/90a6c262-1ca5-43ba-b0ae-b0c9215f3830.jpg?w=380&h=238&fm=jpg&auto=compress&fit=crop","price":"8.99","pricePer":null,"purchaseUnit":"15 count"},{"mainCategory":"Drinks","categoryName":"Tea","subCategoryName":"Green Tea","title":"Organic Matcha On-The-Go Green Tea Sachets","producer":"Teapigs","photoPath":"https://goodeggs4.imgix.net/62c62058-4a7f-4ed6-bb34-1f84409cdd7d.jpg?w=380&h=238&fm=jpg&auto=compress&fit=crop","price":"12.99","pricePer":null,"purchaseUnit":"14 count"},{"mainCategory":"Drinks","categoryName":"Tea","subCategoryName":"Green Tea","title":"Organic Jasmine Green Bags","producer":"Numi Organic Tea","photoPath":"https://goodeggs4.imgix.net/63e7922b-1db9-4231-8f2c-dc4c9a2d8c3b.jpg?w=380&h=238&fm=jpg&auto=compress&fit=crop","price":"6.99","pricePer":"$5.50 / oz","purchaseUnit":"18 count"},{"mainCategory":"Drinks","categoryName":"Tea","subCategoryName":"Green Tea","title":"Organic Gunpowder Green Tea Bags","producer":"Numi Organic Tea","photoPath":"https://goodeggs4.imgix.net/e5ee9aec-6998-4020-9e25-04688421e3e2.jpg?w=380&h=238&fm=jpg&auto=compress&fit=crop","price":"6.99","pricePer":"$5.50 / oz","purchaseUnit":"18 count"},{"mainCategory":"Drinks","categoryName":"Tea","subCategoryName":"Green Tea","title":"Organic Matcha Latte Elixir","producer":"Rebbl","photoPath":"https://goodeggs4.imgix.net/b4ab15d7-7eed-4c48-8750-1cb832acf680.jpg?w=380&h=238&fm=jpg&auto=compress&fit=crop","price":"3.99","pricePer":"$0.33 / fl oz","purchaseUnit":"12 fl oz"},{"mainCategory":"Drinks","categoryName":"Tea","subCategoryName":"Green Tea","title":"Organic Matcha Powder","producer":"Navitas Organics","photoPath":"https://goodeggs4.imgix.net/b8948f94-33c0-4411-9f09-00ed2549d144.jpg?w=380&h=238&fm=jpg&auto=compress&fit=crop","price":"20.99","pricePer":"$111.94 / lb","purchaseUnit":"3 oz"},{"mainCategory":"Drinks","categoryName":"Tea","subCategoryName":"Green Tea","title":"Organic Turmeric Ginger Green Tea","producer":"The Republic of Tea","photoPath":"https://goodeggs4.imgix.net/16bb5aba-5517-41b7-a62d-a05252c848b8.jpg?w=380&h=238&fm=jpg&auto=compress&fit=crop","price":"12.99","pricePer":null,"purchaseUnit":"50 count"},{"mainCategory":"Drinks","categoryName":"Tea","subCategoryName":"Green Tea","title":"Organic SuperGreen Detox Green Tea","producer":"The Republic of Tea","photoPath":"https://goodeggs4.imgix.net/149f07a3-c64f-457f-83d8-6047fd3010cd.jpg?w=380&h=238&fm=jpg&auto=compress&fit=crop","price":"12.49","pricePer":null,"purchaseUnit":"36 count"},{"mainCategory":"Drinks","categoryName":"Tea","subCategoryName":"Green Tea","title":"Organic Immunity Green Tea","producer":"The Republic of Tea","photoPath":"https://goodeggs4.imgix.net/2567632e-37d6-4177-ab70-661a3fa79512.jpg?w=380&h=238&fm=jpg&auto=compress&fit=crop","price":"12.49","pricePer":null,"purchaseUnit":"36 count"},{"mainCategory":"Drinks","categoryName":"Tea","subCategoryName":"Green Tea","title":"Organic Stone Ground Matcha Powder","producer":"The Republic of Tea","photoPath":"https://goodeggs4.imgix.net/2ee87be3-54e0-473f-bf98-ddb93fd151df.jpg?w=380&h=238&fm=jpg&auto=compress&fit=crop","price":"17.99","pricePer":"$11.99 / oz","purchaseUnit":"1.5 oz"},{"mainCategory":"Drinks","categoryName":"Tea","subCategoryName":"Green Tea","title":"Matcha Tea Single Sips","producer":"The Republic of Tea","photoPath":"https://goodeggs4.imgix.net/8441e7c2-704c-49b2-8ec9-00fad9b81e1b.jpg?w=380&h=238&fm=jpg&auto=compress&fit=crop","price":"19.99","pricePer":null,"purchaseUnit":"14 count"},{"mainCategory":"Drinks","categoryName":"Tea","subCategoryName":"Green Tea","title":"Organic Açaí Green Tea","producer":"The Republic of Tea","photoPath":"https://goodeggs4.imgix.net/c60f0beb-865d-4d1e-9c57-e0b57fb23d92.jpg?w=380&h=238&fm=jpg&auto=compress&fit=crop","price":"10.99","pricePer":null,"purchaseUnit":"50 count"},{"mainCategory":"Drinks","categoryName":"Tea","subCategoryName":"Green Tea","title":"Daily Green Tea Single Sips","producer":"The Republic of Tea","photoPath":"https://goodeggs4.imgix.net/364ac11e-f197-44d0-963d-815e2a220d83.jpg?w=380&h=238&fm=jpg&auto=compress&fit=crop","price":"19.99","pricePer":null,"purchaseUnit":"14 count"},{"mainCategory":"Drinks","categoryName":"Tea","subCategoryName":"Green Tea","title":"Jasmine Green Tea","producer":"Tea People","photoPath":"https://goodeggs4.imgix.net/b1406197-2fa2-4443-848f-e8d01cf225fd.jpg?w=380&h=238&fm=jpg&auto=compress&fit=crop","price":"5.99","pricePer":"$2.99 / oz","purchaseUnit":"2 oz"},{"mainCategory":"Drinks","categoryName":"Tea","subCategoryName":"Herbal Tea","title":"Peach & Mango Cold Brew Tea Bags","producer":"Teapigs","photoPath":"https://goodeggs4.imgix.net/3936c694-bf86-47ca-b045-56fd2f5c4028.jpg?w=380&h=238&fm=jpg&auto=compress&fit=crop","price":"7.99","pricePer":null,"purchaseUnit":"10 count"},{"mainCategory":"Drinks","categoryName":"Tea","subCategoryName":"Herbal Tea","title":"Lychee & Rose Cold Brew Tea Bags","producer":"Teapigs","photoPath":"https://goodeggs4.imgix.net/4d4cf456-ff6f-4466-83cd-48d58006a370.jpg?w=380&h=238&fm=jpg&auto=compress&fit=crop","price":"7.99","pricePer":"$9.07 / oz","purchaseUnit":"10 count"},{"mainCategory":"Drinks","categoryName":"Tea","subCategoryName":"Herbal Tea","title":"Peppermint Tea Bags","producer":"Teapigs","photoPath":"https://goodeggs4.imgix.net/8d098bc1-3b8b-49b3-a4ef-e0d09f3ea7d7.jpg?w=380&h=238&fm=jpg&auto=compress&fit=crop","price":"8.99","pricePer":null,"purchaseUnit":"15 count"},{"mainCategory":"Drinks","categoryName":"Tea","subCategoryName":"Herbal Tea","title":"Liquorice & Peppermint Tea Bags","producer":"Teapigs","photoPath":"https://goodeggs4.imgix.net/7f729ae8-9084-488c-bcdb-294fd85e525b.jpg?w=380&h=238&fm=jpg&auto=compress&fit=crop","price":"8.99","pricePer":null,"purchaseUnit":"15 count"},{"mainCategory":"Drinks","categoryName":"Tea","subCategoryName":"Herbal Tea","title":"Chamomile Tea Bags","producer":"Teapigs","photoPath":"https://goodeggs4.imgix.net/fa898e89-a018-4c61-aeff-3cd45d0ebbd4.jpg?w=380&h=238&fm=jpg&auto=compress&fit=crop","price":"8.99","pricePer":null,"purchaseUnit":"15 count"},{"mainCategory":"Drinks","categoryName":"Tea","subCategoryName":"Herbal Tea","title":"Lemon & Ginger Tea Bags","producer":"Teapigs","photoPath":"https://goodeggs4.imgix.net/07af8a68-5b89-4514-9ce7-dbdfeb48fc34.jpg?w=380&h=238&fm=jpg&auto=compress&fit=crop","price":"8.99","pricePer":null,"purchaseUnit":"15 count"},{"mainCategory":"Drinks","categoryName":"Tea","subCategoryName":"Herbal Tea","title":"Super Fruit Tea Bags","producer":"Teapigs","photoPath":"https://goodeggs4.imgix.net/7578c2e8-e87e-4484-9e56-b54587ffc1be.jpg?w=380&h=238&fm=jpg&auto=compress&fit=crop","price":"8.99","pricePer":null,"purchaseUnit":"15 count"},{"mainCategory":"Drinks","categoryName":"Tea","subCategoryName":"Herbal Tea","title":"Spiced Winter Rooibos Tea","producer":"Teapigs","photoPath":"https://goodeggs4.imgix.net/3aa0c336-6548-4f19-8bb3-01f2677661bf.jpg?w=380&h=238&fm=jpg&auto=compress&fit=crop","price":"8.99","pricePer":null,"purchaseUnit":"15 count"},{"mainCategory":"Drinks","categoryName":"Tea","subCategoryName":"Herbal Tea","title":"Yerba Mate Tea Bags","producer":"Teapigs","photoPath":"https://goodeggs4.imgix.net/9d437aca-51e8-4c9e-a45f-c0cc051418f0.jpg?w=380&h=238&fm=jpg&auto=compress&fit=crop","price":"8.99","pricePer":null,"purchaseUnit":"15 count"},{"mainCategory":"Drinks","categoryName":"Tea","subCategoryName":"Herbal Tea","title":"Organic De-Stress Tea Bags","producer":"Numi Organic Tea","photoPath":"https://goodeggs4.imgix.net/47d7b8ca-c7f6-4ef0-abbe-77f3b747fd85.jpg?w=380&h=238&fm=jpg&auto=compress&fit=crop","price":"6.99","pricePer":"$6.18 / oz","purchaseUnit":"16 count"},{"mainCategory":"Drinks","categoryName":"Tea","subCategoryName":"Herbal Tea","title":"Rooibos Chai Bags","producer":"Numi Organic Tea","photoPath":"https://goodeggs4.imgix.net/52e64fd4-5fdb-45b9-882a-967b59d4bafa.jpg?w=380&h=238&fm=jpg&auto=compress&fit=crop","price":"6.99","pricePer":"$4.08 / oz","purchaseUnit":"16 count"},{"mainCategory":"Drinks","categoryName":"Tea","subCategoryName":"Herbal Tea","title":"Organic Moroccan Mint Tea Bags","producer":"Numi Organic Tea","photoPath":"https://goodeggs4.imgix.net/997aa53a-9e7e-4fbc-b027-81a62f5fac4b.jpg?w=380&h=238&fm=jpg&auto=compress&fit=crop","price":"6.99","pricePer":"$4.99 / oz","purchaseUnit":"18 count"},{"mainCategory":"Drinks","categoryName":"Tea","subCategoryName":"Herbal Tea","title":"Organic Congest Away Tea Bags","producer":"Numi Organic Tea","photoPath":"https://goodeggs4.imgix.net/834fb21a-65ed-4da8-a4e7-c53faa81395d.jpg?w=380&h=238&fm=jpg&auto=compress&fit=crop","price":"6.99","pricePer":"$6.18 / oz","purchaseUnit":"16 count"},{"mainCategory":"Drinks","categoryName":"Tea","subCategoryName":"Herbal Tea","title":"Organic Rooibos Tea Bags","producer":"Numi Organic Tea","photoPath":"https://goodeggs4.imgix.net/975d11ad-75f5-4aa4-b3a2-7bfe5b81b2c2.jpg?w=380&h=238&fm=jpg&auto=compress&fit=crop","price":"6.99","pricePer":null,"purchaseUnit":"18 count"},{"mainCategory":"Drinks","categoryName":"Tea","subCategoryName":"Herbal Tea","title":"Organic Immune Boost Tea Bags","producer":"Numi Organic Tea","photoPath":"https://goodeggs4.imgix.net/f1b3244e-0b25-4e46-bfb0-c92516daaab0.jpg?w=380&h=238&fm=jpg&auto=compress&fit=crop","price":"6.99","pricePer":"$6.18 / oz","purchaseUnit":"16 count"},{"mainCategory":"Drinks","categoryName":"Tea","subCategoryName":"Herbal Tea","title":"Organic Immune Support Tea Bags","producer":"Numi Organic Tea","photoPath":"https://goodeggs4.imgix.net/eba3ff09-98bf-4045-ba48-9c735e15b4ba.jpg?w=380&h=238&fm=jpg&auto=compress&fit=crop","price":"6.99","pricePer":"$6.18 / oz","purchaseUnit":"16 count"},{"mainCategory":"Drinks","categoryName":"Tea","subCategoryName":"Herbal Tea","title":"Organic Peppermint Tea Bags","producer":"Traditional Medicinals","photoPath":"https://goodeggs4.imgix.net/54461aef-9094-4a48-9929-10028064f54b.jpg?w=380&h=238&fm=jpg&auto=compress&fit=crop","price":"5.79","pricePer":"$6.81 / oz","purchaseUnit":"16 count"},{"mainCategory":"Drinks","categoryName":"Tea","subCategoryName":"Herbal Tea","title":"Organic Chamomile with Lavender Tea Bags","producer":"Traditional Medicinals","photoPath":"https://goodeggs4.imgix.net/f5c8b670-bda7-4c97-b685-e0e61c1e277e.jpg?w=380&h=238&fm=jpg&auto=compress&fit=crop","price":"5.79","pricePer":"$6.81 / oz","purchaseUnit":"16 count"},{"mainCategory":"Drinks","categoryName":"Tea","subCategoryName":"Herbal Tea","title":"Organic Nighty Night Tea Bags","producer":"Traditional Medicinals","photoPath":"https://goodeggs4.imgix.net/30f13478-7770-4ebb-aa2f-82b5527e98d7.jpg?w=380&h=238&fm=jpg&auto=compress&fit=crop","price":"5.79","pricePer":"$6.81 / oz","purchaseUnit":"16 count"},{"mainCategory":"Drinks","categoryName":"Tea","subCategoryName":"Herbal Tea","title":"Organic Ginger Aid Tea Bags","producer":"Traditional Medicinals","photoPath":"https://goodeggs4.imgix.net/5cc12d89-9556-4c60-982d-1fddcbfcb99e.jpg?w=380&h=238&fm=jpg&auto=compress&fit=crop","price":"5.79","pricePer":"$5.12 / oz","purchaseUnit":"16 count"},{"mainCategory":"Drinks","categoryName":"Tea","subCategoryName":"Herbal Tea","title":"Organic Mother's Milk Tea Bags","producer":"Traditional Medicinals","photoPath":"https://goodeggs4.imgix.net/09f26bbd-f154-41f9-a55b-09ca6e97ea23.jpg?w=380&h=238&fm=jpg&auto=compress&fit=crop","price":"5.79","pricePer":"$5.84 / oz","purchaseUnit":"16 count"},{"mainCategory":"Drinks","categoryName":"Tea","subCategoryName":"Herbal Tea","title":"Organic Throat Coat Tea Bags","producer":"Traditional Medicinals","photoPath":"https://goodeggs4.imgix.net/57d9a24b-acd3-494b-b1f0-9864b74723e2.jpg?w=380&h=238&fm=jpg&auto=compress&fit=crop","price":"5.79","pricePer":"$5.12 / oz","purchaseUnit":"16 count"},{"mainCategory":"Drinks","categoryName":"Tea","subCategoryName":"Herbal Tea","title":"Organic Smooth Move Tea Bags","producer":"Traditional Medicinals","photoPath":"https://goodeggs4.imgix.net/94619858-a720-4f79-83f4-a0c072f309e9.jpg?w=380&h=238&fm=jpg&auto=compress&fit=crop","price":"5.79","pricePer":"$5.12 / oz","purchaseUnit":"16 count"},{"mainCategory":"Drinks","categoryName":"Tea","subCategoryName":"Herbal Tea","title":"Organic Roasted Dandelion Root Tea Bags","producer":"Traditional Medicinals","photoPath":"https://goodeggs4.imgix.net/d48fc642-ff72-495d-9b48-f69911f02b1c.jpg?w=380&h=238&fm=jpg&auto=compress&fit=crop","price":"5.79","pricePer":"$6.81 / oz","purchaseUnit":"16 count"},{"mainCategory":"Drinks","categoryName":"Tea","subCategoryName":"Herbal Tea","title":"Everyday Detox Tea Bags","producer":"Traditional Medicinals","photoPath":"https://goodeggs4.imgix.net/a66c84fc-c8c3-4cc6-834f-0c6d8b4ec731.jpg?w=380&h=238&fm=jpg&auto=compress&fit=crop","price":"5.79","pricePer":"$6.81 / oz","purchaseUnit":"16 count"},{"mainCategory":"Drinks","categoryName":"Tea","subCategoryName":"Herbal Tea","title":"Organic Echinacea Plus Tea Bags","producer":"Traditional Medicinals","photoPath":"https://goodeggs4.imgix.net/5797674c-9f8d-40bc-86ef-7387c38f29ef.jpg?w=380&h=238&fm=jpg&auto=compress&fit=crop","price":"5.79","pricePer":"$6.81 / oz","purchaseUnit":"16 count"},{"mainCategory":"Drinks","categoryName":"Tea","subCategoryName":"Herbal Tea","title":"Gypsy Cold Care Tea Bags","producer":"Traditional Medicinals","photoPath":"https://goodeggs4.imgix.net/60fb434f-9742-4643-92b8-66ff89d1e665.jpg?w=380&h=238&fm=jpg&auto=compress&fit=crop","price":"5.79","pricePer":"$5.84 / oz","purchaseUnit":"16 count"},{"mainCategory":"Drinks","categoryName":"Tea","subCategoryName":"Herbal Tea","title":"Organic Pacific Peppermint Loose Tea","producer":"Five Mountains Heirloom Organic Tea","photoPath":"https://goodeggs4.imgix.net/8359c86b-5a76-4179-af4d-07ea2442fbc2.jpg?w=380&h=238&fm=jpg&auto=compress&fit=crop","price":"11.99","pricePer":"$5.99 / oz","purchaseUnit":"2 oz"},{"mainCategory":"Drinks","categoryName":"Tea","subCategoryName":"Herbal Tea","title":"Organic Nile Valley Chamomile Loose Tea","producer":"Five Mountains Heirloom Organic Tea","photoPath":"https://goodeggs4.imgix.net/30030d13-47f2-4ad0-8d17-0ce78cc46469.jpg?w=380&h=238&fm=jpg&auto=compress&fit=crop","price":"11.99","pricePer":"$5.99 / oz","purchaseUnit":"2 oz"},{"mainCategory":"Drinks","categoryName":"Tea","subCategoryName":"Herbal Tea","title":"Organic Peppermint SuperHerb Tea","producer":"The Republic of Tea","photoPath":"https://goodeggs4.imgix.net/c4d184b3-7cfa-45a2-b8a6-51d64f531abb.jpg?w=380&h=238&fm=jpg&auto=compress&fit=crop","price":"12.49","pricePer":null,"purchaseUnit":"36 count"},{"mainCategory":"Drinks","categoryName":"Tea","subCategoryName":"Herbal Tea","title":"Biodynamic Heirloom Chamomile Tea","producer":"The Republic of Tea","photoPath":"https://goodeggs4.imgix.net/f3e3399c-64ae-4ab2-be7d-787be39934c0.jpg?w=380&h=238&fm=jpg&auto=compress&fit=crop","price":"12.99","pricePer":null,"purchaseUnit":"36 count"},{"mainCategory":"Drinks","categoryName":"Tea","subCategoryName":"Herbal Tea","title":"Get Some Zzz's Tea","producer":"The Republic of Tea","photoPath":"https://goodeggs4.imgix.net/1bcc8a34-ed38-4c18-b08a-58f637a3917d.jpg?w=380&h=238&fm=jpg&auto=compress&fit=crop","price":"10.99","pricePer":null,"purchaseUnit":"36 count"},{"mainCategory":"Drinks","categoryName":"Tea","subCategoryName":"Herbal Tea","title":"Organic Tulsi Turmeric Ginger Tea","producer":"Organic India","photoPath":"https://goodeggs4.imgix.net/6259c11d-d182-47c4-bb8d-7dd425a4820f.jpg?w=380&h=238&fm=jpg&auto=compress&fit=crop","price":"5.99","pricePer":null,"purchaseUnit":"18 count"},{"mainCategory":"Drinks","categoryName":"Tea","subCategoryName":"Herbal Tea","title":"Biodynamic Turmeric Cinnamon Tea","producer":"The Republic of Tea","photoPath":"https://goodeggs4.imgix.net/cda9992f-4385-4c79-9014-d26368510c35.jpg?w=380&h=238&fm=jpg&auto=compress&fit=crop","price":"12.99","pricePer":null,"purchaseUnit":"36 count"},{"mainCategory":"Drinks","categoryName":"Tea","subCategoryName":"Herbal Tea","title":"Organic Double Red Rooibos Tea","producer":"The Republic of Tea","photoPath":"https://goodeggs4.imgix.net/dd231355-0276-4d48-90f7-80e0ff1a6f96.jpg?w=380&h=238&fm=jpg&auto=compress&fit=crop","price":"12.99","pricePer":null,"purchaseUnit":"36 count"},{"mainCategory":"Drinks","categoryName":"Tea","subCategoryName":"Herbal Tea","title":"Organic Tulsi Original Tea","producer":"Organic India","photoPath":"https://goodeggs4.imgix.net/a0e0dcfd-5bbf-4d8e-bb88-fab4bc8090eb.jpg?w=380&h=238&fm=jpg&auto=compress&fit=crop","price":"5.99","pricePer":null,"purchaseUnit":"18 count"},{"mainCategory":"Drinks","categoryName":"Tea","subCategoryName":"Herbal Tea","title":"Biodynamic Ginger Tea","producer":"The Republic of Tea","photoPath":"https://goodeggs4.imgix.net/70c14313-e5f9-4d84-aa8e-7d4adcf01af3.jpg?w=380&h=238&fm=jpg&auto=compress&fit=crop","price":"12.99","pricePer":null,"purchaseUnit":"36 count"},{"mainCategory":"Drinks","categoryName":"Tea","subCategoryName":"Herbal Tea","title":"Organic Tulsi Sweet Rose Tea","producer":"Organic India","photoPath":"https://goodeggs4.imgix.net/099e3616-dc55-46af-b4c2-5467edfabf95.jpg?w=380&h=238&fm=jpg&auto=compress&fit=crop","price":"5.99","pricePer":null,"purchaseUnit":"18 count"},{"mainCategory":"Drinks","categoryName":"Tea","subCategoryName":"Herbal Tea","title":"Organic Dandelion SuperHerb Tea","producer":"The Republic of Tea","photoPath":"https://goodeggs4.imgix.net/adea4b7d-b9f6-4f0d-9530-6e62abfc549a.jpg?w=380&h=238&fm=jpg&auto=compress&fit=crop","price":"12.49","pricePer":null,"purchaseUnit":"36 count"},{"mainCategory":"Drinks","categoryName":"Tea","subCategoryName":"Herbal Tea","title":"Turmeric Tea Single Sips","producer":"The Republic of Tea","photoPath":"https://goodeggs4.imgix.net/66779c29-ad7e-460c-9d0f-4913c168c9b0.jpg?w=380&h=238&fm=jpg&auto=compress&fit=crop","price":"19.99","pricePer":null,"purchaseUnit":"14 count"},{"mainCategory":"Drinks","categoryName":"Tea","subCategoryName":"Herbal Tea","title":"Organic Moringa SuperHerb Tea","producer":"The Republic of Tea","photoPath":"https://goodeggs4.imgix.net/8c952d95-bc93-478e-ab69-ca0f67a87a15.jpg?w=380&h=238&fm=jpg&auto=compress&fit=crop","price":"12.49","pricePer":null,"purchaseUnit":"36 count"},{"mainCategory":"Drinks","categoryName":"Tea","subCategoryName":"Herbal Tea","title":"Allergy Slayer Tea","producer":"Homestead Apothecary","photoPath":"https://goodeggs4.imgix.net/73b929c0-9625-4213-89fe-994ed6e316d9.jpg?w=380&h=238&fm=jpg&auto=compress&fit=crop","price":"10.99","pricePer":"$9.99 / oz","purchaseUnit":"1.1 oz"},{"mainCategory":"Drinks","categoryName":"Tea","subCategoryName":"Herbal Tea","title":"Kick that Cold Tea","producer":"Homestead Apothecary","photoPath":"https://goodeggs4.imgix.net/1471fed5-227d-4526-8bb3-607dd7d2f694.jpg?w=380&h=238&fm=jpg&auto=compress&fit=crop","price":"10.99","pricePer":"$9.99 / oz","purchaseUnit":"1.1 oz"},{"mainCategory":"Drinks","categoryName":"Tea","subCategoryName":"Herbal Tea","title":"Dream Time Tea","producer":"Homestead Apothecary","photoPath":"https://goodeggs4.imgix.net/6ad80b60-1faf-4cce-9cbd-c9bdbb0abff6.jpg?w=380&h=238&fm=jpg&auto=compress&fit=crop","price":"10.99","pricePer":"$9.99 / oz","purchaseUnit":"1.1 oz"},{"mainCategory":"Drinks","categoryName":"Tea","subCategoryName":"Herbal Tea","title":"Brain Booster Tea","producer":"Homestead Apothecary","photoPath":"https://goodeggs4.imgix.net/7e2ccaa8-2ced-4bf2-9d10-88c77e6d46a2.jpg?w=380&h=238&fm=jpg&auto=compress&fit=crop","price":"10.99","pricePer":"$9.99 / oz","purchaseUnit":"1.1 oz"},{"mainCategory":"Drinks","categoryName":"Tea","subCategoryName":"Herbal Tea","title":"Digestive Tea","producer":"Homestead Apothecary","photoPath":"https://goodeggs4.imgix.net/be46e671-69c6-47c5-a306-193ec0bff05d.jpg?w=380&h=238&fm=jpg&auto=compress&fit=crop","price":"10.99","pricePer":"$9.99 / oz","purchaseUnit":"1.1 oz"},{"mainCategory":"Drinks","categoryName":"Tea","subCategoryName":"Herbal Tea","title":"Stress Finesse Tea","producer":"Homestead Apothecary","photoPath":"https://goodeggs4.imgix.net/3431001b-a917-4a4f-92b1-c13d11051ea8.jpg?w=380&h=238&fm=jpg&auto=compress&fit=crop","price":"10.99","pricePer":"$9.99 / oz","purchaseUnit":"1.1 oz"},{"mainCategory":"Drinks","categoryName":"Tea","subCategoryName":"Herbal Tea","title":"Cáscara-Hibiscus Tea Bags","producer":"Lady Falcon Coffee Club","photoPath":"https://goodeggs4.imgix.net/9715fcca-ad9c-4cf7-a7b7-e69b4221e29c.jpg?w=380&h=238&fm=jpg&auto=compress&fit=crop","price":"17.99","pricePer":"$28.49 / lb","purchaseUnit":"12 count"},{"mainCategory":"Drinks","categoryName":"Cocoa","subCategoryName":"","title":"Organic Hot Chocolate","producer":"Lake Champlain Chocolates","photoPath":"https://goodeggs4.imgix.net/02f79a12-2daf-4716-a70b-4c93412eec93.jpg?w=380&h=238&fm=jpg&auto=compress&fit=crop","price":"12.99","pricePer":"$0.81 / oz","purchaseUnit":"16 oz"},{"mainCategory":"Drinks","categoryName":"Cocoa","subCategoryName":"","title":"Organic Peppermint Hot Chocolate","producer":"Lake Champlain Chocolates","photoPath":"https://goodeggs4.imgix.net/627fb7f9-12be-42ac-810c-5a3ae4e40842.jpg?w=380&h=238&fm=jpg&auto=compress&fit=crop","price":"12.99","pricePer":"$0.81 / oz","purchaseUnit":"16 oz"},{"mainCategory":"Drinks","categoryName":"Cocoa","subCategoryName":"","title":"Organic 70% Spicy Dark Drinking Chocolate","producer":"Cacoco","photoPath":"https://goodeggs4.imgix.net/8095d4e0-f629-4887-882a-683c0afdbacb.jpg?w=380&h=238&fm=jpg&auto=compress&fit=crop","price":"12.99","pricePer":"$1.84 / oz","purchaseUnit":"7.05 oz"},{"mainCategory":"Drinks","categoryName":"Cocoa","subCategoryName":"","title":"Organic 60% Rich Dark Drinking Chocolate","producer":"Cacoco","photoPath":"https://goodeggs4.imgix.net/241cd70f-50b3-4187-a709-7c88929b1dcc.jpg?w=380&h=238&fm=jpg&auto=compress&fit=crop","price":"12.99","pricePer":"$1.84 / oz","purchaseUnit":"7.05 oz"},{"mainCategory":"Drinks","categoryName":"Cocoa","subCategoryName":"","title":"Organic 65% Mocha Drinking Chocolate","producer":"Cacoco","photoPath":"https://goodeggs4.imgix.net/483f95dc-9adf-4ea8-b959-738c79a23d13.jpg?w=380&h=238&fm=jpg&auto=compress&fit=crop","price":"12.99","pricePer":"$1.84 / oz","purchaseUnit":"7.05 oz"},{"mainCategory":"Drinks","categoryName":"Cocoa","subCategoryName":"","title":"Organic Golden Dark 65% Drinking Chocolate","producer":"Cacoco","photoPath":"https://goodeggs4.imgix.net/a2d2e728-8de0-4ea1-a85b-807bfa9be2e0.jpg?w=380&h=238&fm=jpg&auto=compress&fit=crop","price":"12.99","pricePer":"$1.84 / oz","purchaseUnit":"7.05 oz"},{"mainCategory":"Drinks","categoryName":"Cocoa","subCategoryName":"","title":"Organic 80% Rich Dark Drinking Chocolate","producer":"Cacoco","photoPath":"https://goodeggs4.imgix.net/4520beb4-f596-4f33-b3d7-1a1385b5ff26.jpg?w=380&h=238&fm=jpg&auto=compress&fit=crop","price":"12.99","pricePer":"$1.84 / oz","purchaseUnit":"7.05 oz"},{"mainCategory":"Drinks","categoryName":"Cocoa","subCategoryName":"","title":"Dark Drinking Chocolate","producer":"Recchiuti Confections","photoPath":"https://goodeggs4.imgix.net/3fbed939-8b8b-4265-98e5-19927f541c8c.jpg?w=380&h=238&fm=jpg&auto=compress&fit=crop","price":"18.99","pricePer":"$1.40 / oz","purchaseUnit":"13.5 oz"},{"mainCategory":"Drinks","categoryName":"Cocoa","subCategoryName":"","title":"Cozy Cocoa Mix with Matcha and Mint","producer":"Little Apple Treats","photoPath":"https://goodeggs4.imgix.net/bf643da1-7788-47de-89d9-7612f80c6040.jpg?w=380&h=238&fm=jpg&auto=compress&fit=crop","price":"18.99","pricePer":null,"purchaseUnit":"14 oz"},{"mainCategory":"Drinks","categoryName":"Mixers & Concentrates","subCategoryName":"","title":"Virgin Gin & Tonic","producer":"Saint Ivy","photoPath":"https://goodeggs4.imgix.net/4c898e0c-5706-4175-879d-991328e8e0a3.jpg?w=380&h=238&fm=jpg&auto=compress&fit=crop","price":"9.99","pricePer":null,"purchaseUnit":"4 count"},{"mainCategory":"Drinks","categoryName":"Mixers & Concentrates","subCategoryName":"","title":"Virgin Moscow Mule","producer":"Saint Ivy","photoPath":"https://goodeggs4.imgix.net/8fd3f2e9-ef06-49b0-a3a2-aa23cd6ad7da.jpg?w=380&h=238&fm=jpg&auto=compress&fit=crop","price":"9.99","pricePer":null,"purchaseUnit":"4 count"},{"mainCategory":"Drinks","categoryName":"Mixers & Concentrates","subCategoryName":"","title":"Tonic Water Cans","producer":"Q Mixers ","photoPath":"https://goodeggs4.imgix.net/f4302eee-4553-4c35-b8f4-a672baaf03b4.jpg?w=380&h=238&fm=jpg&auto=compress&fit=crop","price":"4.99","pricePer":"$0.17 / fl oz","purchaseUnit":"4 count"},{"mainCategory":"Drinks","categoryName":"Mixers & Concentrates","subCategoryName":"","title":"Ginger Beer Cans","producer":"Q Mixers ","photoPath":"https://goodeggs4.imgix.net/b22cc1e7-e747-4f7f-a348-3237849f2693.jpg?w=380&h=238&fm=jpg&auto=compress&fit=crop","price":"4.99","pricePer":null,"purchaseUnit":"4 count"},{"mainCategory":"Drinks","categoryName":"Mixers & Concentrates","subCategoryName":"","title":"Club Soda Cans","producer":"Q Mixers ","photoPath":"https://goodeggs4.imgix.net/642e578b-e24d-4aca-ba53-0356b448151e.jpg?w=380&h=238&fm=jpg&auto=compress&fit=crop","price":"4.99","pricePer":"$0.17 / fl oz","purchaseUnit":"4 count"},{"mainCategory":"Drinks","categoryName":"Mixers & Concentrates","subCategoryName":"","title":"Pineapple & Ginger Root Cocktail Mixer","producer":"Fresh Victor","photoPath":"https://goodeggs4.imgix.net/fb4ee718-7236-4136-860a-5372208bce6f.jpg?w=380&h=238&fm=jpg&auto=compress&fit=crop","price":"7.99","pricePer":"$0.49 / fl oz","purchaseUnit":"16 fl oz"},{"mainCategory":"Drinks","categoryName":"Mixers & Concentrates","subCategoryName":"","title":"Ginger Ale Cans","producer":"Q Mixers ","photoPath":"https://goodeggs4.imgix.net/7039a44e-b558-4d44-b7c2-fbba41d06dd2.jpg?w=380&h=238&fm=jpg&auto=compress&fit=crop","price":"4.99","pricePer":"$0.17 / fl oz","purchaseUnit":"4 count"},{"mainCategory":"Drinks","categoryName":"Mixers & Concentrates","subCategoryName":"","title":"Tonic Water","producer":"Q Mixers ","photoPath":"https://goodeggs4.imgix.net/d8279ce9-9612-4d29-a713-c51fb0bc3a01.jpg?w=380&h=238&fm=jpg&auto=compress&fit=crop","price":"6.99","pricePer":null,"purchaseUnit":"750 ml"},{"mainCategory":"Drinks","categoryName":"Mixers & Concentrates","subCategoryName":"","title":"Cactus Pear & Pomegranate Cocktail Mixer","producer":"Fresh Victor","photoPath":"https://goodeggs4.imgix.net/a4e20023-d502-4f10-b959-20057ca6ee36.jpg?w=380&h=238&fm=jpg&auto=compress&fit=crop","price":"7.99","pricePer":"$0.49 / fl oz","purchaseUnit":"16 fl oz"},{"mainCategory":"Drinks","categoryName":"Mixers & Concentrates","subCategoryName":"","title":"Lemon Sour Cocktail Mixer","producer":"Fresh Victor","photoPath":"https://goodeggs4.imgix.net/92185e2f-66e0-4532-b9e3-30e17905141b.jpg?w=380&h=238&fm=jpg&auto=compress&fit=crop","price":"7.99","pricePer":"$0.49 / fl oz","purchaseUnit":"16 fl oz"},{"mainCategory":"Drinks","categoryName":"Mixers & Concentrates","subCategoryName":"","title":"Ginger Shrub","producer":"INNA","photoPath":"https://goodeggs4.imgix.net/4de4d7e0-8679-11eb-8ffc-b73267f90a16?w=380&h=238&fm=jpg&auto=compress&fit=crop","price":"14.99","pricePer":"$1.18 / fl oz","purchaseUnit":"375 ml"},{"mainCategory":"Drinks","categoryName":"Mixers & Concentrates","subCategoryName":"","title":"Quince Shrub","producer":"INNA","photoPath":"https://goodeggs4.imgix.net/5c7fc335-0ac1-4f92-82e0-a1de46e3f6c0.jpg?w=380&h=238&fm=jpg&auto=compress&fit=crop","price":"14.99","pricePer":"$1.18 / fl oz","purchaseUnit":"12.7 fl oz"},{"mainCategory":"Drinks","categoryName":"Mixers & Concentrates","subCategoryName":"","title":"Meyer Lemon Shrub","producer":"INNA","photoPath":"https://goodeggs4.imgix.net/c3aadd08-a9e4-4031-a2ed-d923ebc59358.jpg?w=380&h=238&fm=jpg&auto=compress&fit=crop","price":"14.99","pricePer":"$1.18 / fl oz","purchaseUnit":"12.7 fl oz"},{"mainCategory":"Drinks","categoryName":"Mixers & Concentrates","subCategoryName":"","title":"Bearss Lime Shrub","producer":"INNA","photoPath":"https://goodeggs4.imgix.net/988666db-8001-4fb6-93f6-f89f1d0fb54f.jpg?w=380&h=238&fm=jpg&auto=compress&fit=crop","price":"14.99","pricePer":"$1.18 / fl oz","purchaseUnit":"12.7 fl oz"},{"mainCategory":"Drinks","categoryName":"Mixers & Concentrates","subCategoryName":"","title":"Horchata","producer":"Alma Semillera","photoPath":"https://goodeggs4.imgix.net/5850d4d8-05c2-423a-9c12-62b77406dd72.jpg?w=380&h=238&fm=jpg&auto=compress&fit=crop","price":"8.99","pricePer":"$1.12 / oz","purchaseUnit":"8 oz"},{"mainCategory":"Drinks","categoryName":"Mixers & Concentrates","subCategoryName":"","title":"Orange Bitters","producer":"Scrappy's Bitters","photoPath":"https://goodeggs4.imgix.net/c9183259-4f7b-4d25-a436-77ae7cc4ffee.jpg?w=380&h=238&fm=jpg&auto=compress&fit=crop","price":"17.99","pricePer":"$3.59 / fl oz","purchaseUnit":"5 fl oz"},{"mainCategory":"Drinks","categoryName":"Mixers & Concentrates","subCategoryName":"","title":"Aromatic Bitters","producer":"Scrappy's Bitters","photoPath":"https://goodeggs4.imgix.net/478b97a9-b866-4d8e-ae3c-274e15b3723e.jpg?w=380&h=238&fm=jpg&auto=compress&fit=crop","price":"17.99","pricePer":"$3.59 / fl oz","purchaseUnit":"5 fl oz"},{"mainCategory":"Health & Home","categoryName":"Cleaning","subCategoryName":"Dishwashing","title":"Free & Clear Dish Soap","producer":"ECOS","photoPath":"https://goodeggs4.imgix.net/fd484b64-d465-428e-bef5-6f6ce1fd8aab.jpg?w=380&h=238&fm=jpg&auto=compress&fit=crop","price":"3.99","pricePer":"$0.16 / oz","purchaseUnit":"25 oz"},{"mainCategory":"Health & Home","categoryName":"Cleaning","subCategoryName":"Dishwashing","title":"Grapefruit Dish Soap","producer":"ECOS","photoPath":"https://goodeggs4.imgix.net/39314ca3-4758-4ace-af09-035e1ace07b4.jpg?w=380&h=238&fm=jpg&auto=compress&fit=crop","price":"3.99","pricePer":"$0.16 / oz","purchaseUnit":"25 oz"},{"mainCategory":"Health & Home","categoryName":"Cleaning","subCategoryName":"Dishwashing","title":"Lavender Dish Soap","producer":"ECOS","photoPath":"https://goodeggs4.imgix.net/42bff9f1-6195-4a4c-b93e-9da3b60688bb.jpg?w=380&h=238&fm=jpg&auto=compress&fit=crop","price":"3.99","pricePer":"$0.16 / oz","purchaseUnit":"25 oz"},{"mainCategory":"Health & Home","categoryName":"Cleaning","subCategoryName":"Dishwashing","title":"Free & Clear Dishwasher Gel","producer":"ECOS","photoPath":"https://goodeggs4.imgix.net/26080daf-f57e-40aa-84ce-c5e74e0d8af4.jpg?w=380&h=238&fm=jpg&auto=compress&fit=crop","price":"4.99","pricePer":"$0.12 / oz","purchaseUnit":"40 oz"},{"mainCategory":"Health & Home","categoryName":"Cleaning","subCategoryName":"Dishwashing","title":"Free & Clear Dishwasher Detergent Packs","producer":"Seventh Generation","photoPath":"https://goodeggs4.imgix.net/7e43d44d-9a2a-4325-bb58-41d83909f131.jpg?w=380&h=238&fm=jpg&auto=compress&fit=crop","price":"14.99","pricePer":null,"purchaseUnit":"45 count"},{"mainCategory":"Health & Home","categoryName":"Cleaning","subCategoryName":"Dishwashing","title":"Free & Clear Dishwasher Detergent Powder","producer":"Seventh Generation","photoPath":"https://goodeggs4.imgix.net/e67bdabb-8b58-4259-9a43-fa8b4dfdc466.jpg?w=380&h=238&fm=jpg&auto=compress&fit=crop","price":"6.49","pricePer":"$0.14 / oz","purchaseUnit":"45 oz"},{"mainCategory":"Health & Home","categoryName":"Cleaning","subCategoryName":"Hand Soap & Sanitizer","title":"Meyer Lemon & Mandarin Hand Soap","producer":"EO/Everyone","photoPath":"https://goodeggs4.imgix.net/417aa22f-318c-41ed-8251-5a5e8da3112c.jpg?w=380&h=238&fm=jpg&auto=compress&fit=crop","price":"4.99","pricePer":"$0.39 / oz","purchaseUnit":"12.75 oz"},{"mainCategory":"Health & Home","categoryName":"Cleaning","subCategoryName":"Hand Soap & Sanitizer","title":"Lavender & Coconut Hand Soap","producer":"EO/Everyone","photoPath":"https://goodeggs4.imgix.net/96a9d7dd-5e00-42b8-b573-47b821004c77.jpg?w=380&h=238&fm=jpg&auto=compress&fit=crop","price":"4.99","pricePer":"$0.39 / oz","purchaseUnit":"12.75 oz"},{"mainCategory":"Health & Home","categoryName":"Cleaning","subCategoryName":"Hand Soap & Sanitizer","title":"Hand Soap Refill - Meyer Lemon Mandarin","producer":"EO/Everyone","photoPath":"https://goodeggs4.imgix.net/fcae355a-fc00-48f4-96c7-26514f6e73af.jpeg?w=380&h=238&fm=jpg&auto=compress&fit=crop","price":"11.99","pricePer":"$0.37 / oz","purchaseUnit":"32 oz"},{"mainCategory":"Health & Home","categoryName":"Cleaning","subCategoryName":"Hand Soap & Sanitizer","title":"Coconut Lemon Hand Sanitizer Spray","producer":"EO/Everyone","photoPath":"https://goodeggs4.imgix.net/34961047-0401-4fce-87b4-2acaeda0ef54.jpeg?w=380&h=238&fm=jpg&auto=compress&fit=crop","price":"6.99","pricePer":"$0.87 / oz","purchaseUnit":"8 oz"},{"mainCategory":"Health & Home","categoryName":"Cleaning","subCategoryName":"Hand Soap & Sanitizer","title":"Free & Clear Hand Soap Refill","producer":"ECOS","photoPath":"https://goodeggs4.imgix.net/e9c1959b-0300-4237-bdbe-29786f3669c1.jpg?w=380&h=238&fm=jpg&auto=compress&fit=crop","price":"6.99","pricePer":"$0.22 / oz","purchaseUnit":"32 oz"},{"mainCategory":"Health & Home","categoryName":"Cleaning","subCategoryName":"Household Cleaners","title":"Lemongrass Citrus Disinfectant Wipes","producer":"Seventh Generation","photoPath":"https://goodeggs4.imgix.net/3a540ed9-a2c1-4a26-bad7-2f1950682233.jpg?w=380&h=238&fm=jpg&auto=compress&fit=crop","price":"6.99","pricePer":null,"purchaseUnit":"70 count"},{"mainCategory":"Health & Home","categoryName":"Cleaning","subCategoryName":"Household Cleaners","title":"Lemongrass Citrus Multi-Surface Cleaner","producer":"Seventh Generation","photoPath":"https://goodeggs4.imgix.net/127ba848-2c14-4e6f-a8b6-1f85401e64fd.jpg?w=380&h=238&fm=jpg&auto=compress&fit=crop","price":"4.39","pricePer":"$0.17 / oz","purchaseUnit":"26 oz"},{"mainCategory":"Health & Home","categoryName":"Cleaning","subCategoryName":"Household Cleaners","title":"Orange Plus All Purpose Cleaner","producer":"ECOS","photoPath":"https://goodeggs4.imgix.net/404b34be-fc28-4f56-a9bd-13a3459e4522.jpg?w=380&h=238&fm=jpg&auto=compress&fit=crop","price":"3.99","pricePer":"$0.18 / oz","purchaseUnit":"22 oz"},{"mainCategory":"Health & Home","categoryName":"Cleaning","subCategoryName":"Household Cleaners","title":"Vinegar Window & Glass Cleaner","producer":"ECOS","photoPath":"https://goodeggs4.imgix.net/6590fbe6-c200-403d-9201-5607b2955e50.jpg?w=380&h=238&fm=jpg&auto=compress&fit=crop","price":"3.99","pricePer":"$0.18 / oz","purchaseUnit":"22 oz"},{"mainCategory":"Health & Home","categoryName":"Cleaning","subCategoryName":"Household Cleaners","title":"All Purpose Cleaner Concentrate","producer":"Biokleen","photoPath":"https://goodeggs4.imgix.net/55e27347-2449-4335-96aa-8c04af2deaa1.jpg?w=380&h=238&fm=jpg&auto=compress&fit=crop","price":"6.99","pricePer":"$0.22 / oz","purchaseUnit":"32 oz"},{"mainCategory":"Health & Home","categoryName":"Laundry","subCategoryName":"","title":"Free & Clear Laundry Liquid","producer":"ECOS","photoPath":"https://goodeggs4.imgix.net/f2327a24-bf4d-4bcc-a2c7-1b2a5ac6501c.jpg?w=380&h=238&fm=jpg&auto=compress&fit=crop","price":"13.99","pricePer":"$0.14 / oz","purchaseUnit":"100 oz"},{"mainCategory":"Health & Home","categoryName":"Laundry","subCategoryName":"","title":"Lavender Laundry Liquid","producer":"ECOS","photoPath":"https://goodeggs4.imgix.net/5e2fd7a3-a362-4f99-9d6a-88178210fb5d.jpg?w=380&h=238&fm=jpg&auto=compress&fit=crop","price":"13.99","pricePer":"$0.14 / oz","purchaseUnit":"100 oz"},{"mainCategory":"Health & Home","categoryName":"Laundry","subCategoryName":"","title":"Free & Clear Laundry Liquid","producer":"Biokleen","photoPath":"https://goodeggs4.imgix.net/8eee2a85-6477-426d-902d-35a412506e95.jpg?w=380&h=238&fm=jpg&auto=compress&fit=crop","price":"12.99","pricePer":"$0.20 / oz","purchaseUnit":"64 oz"},{"mainCategory":"Health & Home","categoryName":"Laundry","subCategoryName":"","title":"Citrus Essence Laundry Liquid","producer":"Biokleen","photoPath":"https://goodeggs4.imgix.net/ab23bced-9e2c-4644-91cf-1cc8274145ef.jpg?w=380&h=238&fm=jpg&auto=compress&fit=crop","price":"12.99","pricePer":"$0.20 / oz","purchaseUnit":"64 oz"},{"mainCategory":"Health & Home","categoryName":"Laundry","subCategoryName":"","title":"Sport Laundry Liquid","producer":"Biokleen","photoPath":"https://goodeggs4.imgix.net/bacbb8f9-752c-4b03-8aaa-c0597170d406.jpg?w=380&h=238&fm=jpg&auto=compress&fit=crop","price":"12.99","pricePer":"$0.20 / oz","purchaseUnit":"64 oz"},{"mainCategory":"Health & Home","categoryName":"Laundry","subCategoryName":"","title":"Free & Clear Laundry Powder","producer":"Biokleen","photoPath":"https://goodeggs4.imgix.net/5558c702-ea93-4edb-baee-92a881b5a8f9.jpg?w=380&h=238&fm=jpg&auto=compress&fit=crop","price":"19.99","pricePer":"$0.12 / oz","purchaseUnit":"10 lb"},{"mainCategory":"Health & Home","categoryName":"Laundry","subCategoryName":"","title":"Free & Clear Laundry Pods","producer":"ECOS","photoPath":"https://goodeggs4.imgix.net/c3705a64-3c77-4d4f-b24c-14f0b9a8420c.jpg?w=380&h=238&fm=jpg&auto=compress&fit=crop","price":"6.99","pricePer":"$0.39 / oz","purchaseUnit":"20 count"},{"mainCategory":"Health & Home","categoryName":"Laundry","subCategoryName":"","title":"Oxygen Laundry Bleach Plus","producer":"Biokleen","photoPath":"https://goodeggs4.imgix.net/aef84cbf-e715-4bdb-a772-757d41968d74.jpg?w=380&h=238&fm=jpg&auto=compress&fit=crop","price":"6.99","pricePer":"$0.22 / oz","purchaseUnit":"2 lb"},{"mainCategory":"Health & Home","categoryName":"Laundry","subCategoryName":"","title":"Citrus Essence Laundry Powder","producer":"Biokleen","photoPath":"https://goodeggs4.imgix.net/1cf56241-e260-420e-8158-efe6a2ab93b6.jpg?w=380&h=238&fm=jpg&auto=compress&fit=crop","price":"10.99","pricePer":"$0.14 / oz","purchaseUnit":"5 lb"},{"mainCategory":"Health & Home","categoryName":"Kitchen Essentials","subCategoryName":"Wraps & Foils","title":"Parchment Paper","producer":"If You Care","photoPath":"https://goodeggs4.imgix.net/173e2d89-29a1-4835-9521-d95e95420e6a.jpg?w=380&h=238&fm=jpg&auto=compress&fit=crop","price":"6.99","pricePer":null,"purchaseUnit":"1 count"},{"mainCategory":"Health & Home","categoryName":"Kitchen Essentials","subCategoryName":"Wraps & Foils","title":"Aluminum Foil","producer":"If You Care","photoPath":"https://goodeggs4.imgix.net/f8ad7940-779e-4cb8-be2d-868785bbf1cd.jpg?w=380&h=238&fm=jpg&auto=compress&fit=crop","price":"5.99","pricePer":null,"purchaseUnit":"1 count"},{"mainCategory":"Health & Home","categoryName":"Kitchen Essentials","subCategoryName":"Wraps & Foils","title":"Heavy Duty Aluminum Foil","producer":"If You Care","photoPath":"https://goodeggs4.imgix.net/3e2c2a68-9a0f-46db-bbaf-b856ab61dfe5.jpg?w=380&h=238&fm=jpg&auto=compress&fit=crop","price":"6.99","pricePer":null,"purchaseUnit":"1 count"},{"mainCategory":"Health & Home","categoryName":"Kitchen Essentials","subCategoryName":"Wraps & Foils","title":"Cotton Twine","producer":"If You Care","photoPath":"https://goodeggs4.imgix.net/c2a70b46-e2a2-4962-b270-6b5fdf2bf34b.jpg?w=380&h=238&fm=jpg&auto=compress&fit=crop","price":"3.99","pricePer":null,"purchaseUnit":"1 count"},{"mainCategory":"Health & Home","categoryName":"Kitchen Essentials","subCategoryName":"Wraps & Foils","title":"Paper Snack & Sandwich Bags","producer":"If You Care","photoPath":"https://goodeggs4.imgix.net/68c5250e-44a6-48ab-809d-fae65b2da622.jpg?w=380&h=238&fm=jpg&auto=compress&fit=crop","price":"4.29","pricePer":null,"purchaseUnit":"48 count"},{"mainCategory":"Health & Home","categoryName":"Kitchen Essentials","subCategoryName":"Compostable Tableware","title":"Compostable Bowls","producer":"World Centric","photoPath":"https://goodeggs4.imgix.net/5f75b7dd-f789-42dc-aa28-a349ab37ec2f.jpg?w=380&h=238&fm=jpg&auto=compress&fit=crop","price":"2.49","pricePer":null,"purchaseUnit":"20 count"},{"mainCategory":"Health & Home","categoryName":"Kitchen Essentials","subCategoryName":"Compostable Tableware","title":"Compostable Spoons","producer":"World Centric","photoPath":"https://goodeggs4.imgix.net/88fa8a1d-8b23-4815-8d01-319656e604c8.jpg?w=380&h=238&fm=jpg&auto=compress&fit=crop","price":"2.99","pricePer":null,"purchaseUnit":"24 count"},{"mainCategory":"Health & Home","categoryName":"Kitchen Essentials","subCategoryName":"Compostable Tableware","title":"Compostable Assorted Cutlery","producer":"World Centric","photoPath":"https://goodeggs4.imgix.net/8cd509dd-2d61-4b09-9883-d18bd0a17fdd.jpg?w=380&h=238&fm=jpg&auto=compress&fit=crop","price":"2.99","pricePer":null,"purchaseUnit":"24 count"},{"mainCategory":"Health & Home","categoryName":"Kitchen Essentials","subCategoryName":"Compostable Tableware","title":"Compostable Forks","producer":"World Centric","photoPath":"https://goodeggs4.imgix.net/f4ba0c8a-1361-42eb-b8f7-4dc27b7e9fb6.jpg?w=380&h=238&fm=jpg&auto=compress&fit=crop","price":"2.99","pricePer":null,"purchaseUnit":"24 count"},{"mainCategory":"Health & Home","categoryName":"Kitchen Essentials","subCategoryName":"Compostable Tableware","title":"Compostable Knives","producer":"World Centric","photoPath":"https://goodeggs4.imgix.net/9455a3c9-9c6d-4f27-a297-78f5f60dd88c.jpg?w=380&h=238&fm=jpg&auto=compress&fit=crop","price":"2.99","pricePer":null,"purchaseUnit":"24 count"},{"mainCategory":"Health & Home","categoryName":"Kitchen Essentials","subCategoryName":"Compostable Tableware","title":"9\" Compostable Plates","producer":"World Centric","photoPath":"https://goodeggs4.imgix.net/f3693e1e-ab27-48d1-a14f-f5cec39533aa.jpg?w=380&h=238&fm=jpg&auto=compress&fit=crop","price":"3.99","pricePer":null,"purchaseUnit":"20 count"},{"mainCategory":"Health & Home","categoryName":"Kitchen Essentials","subCategoryName":"Compostable Tableware","title":"6\" Compostable Plates","producer":"World Centric","photoPath":"https://goodeggs4.imgix.net/9128c954-8511-4bb9-b4ce-4ca78398d734.jpg?w=380&h=238&fm=jpg&auto=compress&fit=crop","price":"2.49","pricePer":null,"purchaseUnit":"20 count"},{"mainCategory":"Health & Home","categoryName":"Kitchen Essentials","subCategoryName":"Coffee & Tea Filters","title":"Reusable V60 Coffee Filter","producer":"Ebb Filter","photoPath":"https://goodeggs4.imgix.net/5ce3f4b2-8af8-4b6b-90b2-42e59170ba49.jpg?w=380&h=238&fm=jpg&auto=compress&fit=crop","price":"17.99","pricePer":null,"purchaseUnit":"1 count"},{"mainCategory":"Health & Home","categoryName":"Kitchen Essentials","subCategoryName":"Coffee & Tea Filters","title":"Reusable Coffee Filter Compatible With Chemex® Coffee Maker","producer":"Ebb Filter","photoPath":"https://goodeggs4.imgix.net/3a551642-9a06-4348-bb4b-2df132bcfd66.jpg?w=380&h=238&fm=jpg&auto=compress&fit=crop","price":"17.99","pricePer":null,"purchaseUnit":"1 count"},{"mainCategory":"Health & Home","categoryName":"Kitchen Essentials","subCategoryName":"Coffee & Tea Filters","title":"Reusable No. 2 Coffee Filter","producer":"Ebb Filter","photoPath":"https://goodeggs4.imgix.net/9d57c182-51d1-4511-9048-787f5cce02f2.jpg?w=380&h=238&fm=jpg&auto=compress&fit=crop","price":"17.99","pricePer":null,"purchaseUnit":"1 count"},{"mainCategory":"Health & Home","categoryName":"Kitchen Essentials","subCategoryName":"Coffee & Tea Filters","title":"No. 4 Coffee Filters","producer":"If You Care","photoPath":"https://goodeggs4.imgix.net/48c66fc8-be17-4837-9420-f916f41560b4.jpg?w=380&h=238&fm=jpg&auto=compress&fit=crop","price":"4.99","pricePer":null,"purchaseUnit":"100 count"},{"mainCategory":"Health & Home","categoryName":"Kitchen Essentials","subCategoryName":"Coffee & Tea Filters","title":"No. 2 Coffee Filters","producer":"If You Care","photoPath":"https://goodeggs4.imgix.net/b3db8098-6bd7-4eb2-b04b-a2137861e948.jpg?w=380&h=238&fm=jpg&auto=compress&fit=crop","price":"4.99","pricePer":null,"purchaseUnit":"100 count"},{"mainCategory":"Health & Home","categoryName":"Kitchen Essentials","subCategoryName":"Coffee & Tea Filters","title":"T-sac Loose Leaf Tea Filters","producer":"Five Mountains Heirloom Organic Tea","photoPath":"https://goodeggs4.imgix.net/5b8499b6-256c-4ebc-b0de-1ab9e79af117.jpg?w=380&h=238&fm=jpg&auto=compress&fit=crop","price":"9.99","pricePer":null,"purchaseUnit":"100 count"},{"mainCategory":"Health & Home","categoryName":"Kitchen Essentials","subCategoryName":"Cookware & Bakeware","title":"Paper Baking Cups","producer":"If You Care","photoPath":"https://goodeggs4.imgix.net/6c11a71c-8221-4c14-bdb7-1a6721b95d71.jpg?w=380&h=238&fm=jpg&auto=compress&fit=crop","price":"1.99","pricePer":null,"purchaseUnit":"60 count"},{"mainCategory":"Health & Home","categoryName":"Kitchen Essentials","subCategoryName":"Cookware & Bakeware","title":"Unbleached Cheesecloth","producer":"If You Care","photoPath":"https://goodeggs4.imgix.net/e8820269-61cc-4328-a2d5-4ceb5f7fed6f.jpg?w=380&h=238&fm=jpg&auto=compress&fit=crop","price":"3.99","pricePer":null,"purchaseUnit":"1 count"},{"mainCategory":"Health & Home","categoryName":"Kitchen Essentials","subCategoryName":"Cookware & Bakeware","title":"Paper Loaf Pans","producer":"If You Care","photoPath":"https://goodeggs4.imgix.net/eea928ed-73fb-4c6e-89ad-95722c3b74a1.jpg?w=380&h=238&fm=jpg&auto=compress&fit=crop","price":"4.99","pricePer":null,"purchaseUnit":"4 count"},{"mainCategory":"Health & Home","categoryName":"Kitchen Essentials","subCategoryName":"Cookware & Bakeware","title":"Paper Cake & Pie Pans","producer":"If You Care","photoPath":"https://goodeggs4.imgix.net/d42af694-478a-4d0e-ad79-88b0fd058700.jpg?w=380&h=238&fm=jpg&auto=compress&fit=crop","price":"4.99","pricePer":null,"purchaseUnit":"4 count"},{"mainCategory":"Health & Home","categoryName":"Kitchen Essentials","subCategoryName":"Cookware & Bakeware","title":"Recycled Aluminum Roasting Pan","producer":"Eco-Foil","photoPath":"https://goodeggs4.imgix.net/3c961ba5-8717-4d4a-a4d6-fa60666d5db3.jpg?w=380&h=238&fm=jpg&auto=compress&fit=crop","price":"4.99","pricePer":null,"purchaseUnit":"1 count"},{"mainCategory":"Health & Home","categoryName":"Kitchen Essentials","subCategoryName":"Cookware & Bakeware","title":"Parchment Roasting Bags","producer":"If You Care","photoPath":"https://goodeggs4.imgix.net/f94d5eda-ecee-4e1f-a8ef-46710c4c3fd8.jpg?w=380&h=238&fm=jpg&auto=compress&fit=crop","price":"8.49","pricePer":null,"purchaseUnit":"2 count"},{"mainCategory":"Health & Home","categoryName":"Kitchen Essentials","subCategoryName":"Food Storage","title":"Casserole Tote - Blackberry","producer":"Aplat","photoPath":"https://goodeggs4.imgix.net/343d6a53-96f9-4f32-90b1-fc4d432ac623.jpg?w=380&h=238&fm=jpg&auto=compress&fit=crop","price":"51.99","pricePer":null,"purchaseUnit":"1 count"},{"mainCategory":"Health & Home","categoryName":"Kitchen Essentials","subCategoryName":"Food Storage","title":"Single Bottle Wine and Picnic Tote - Merlot","producer":"Aplat","photoPath":"https://goodeggs4.imgix.net/337a01fd-62fb-464f-acc8-eda678b8550e.jpg?w=380&h=238&fm=jpg&auto=compress&fit=crop","price":"51.99","pricePer":null,"purchaseUnit":"1 count"},{"mainCategory":"Health & Home","categoryName":"Kitchen Essentials","subCategoryName":"Food Storage","title":"Casserole Tote - Merlot","producer":"Aplat","photoPath":"https://goodeggs4.imgix.net/88feed73-146b-46a2-94bb-fc7076c82749.jpg?w=380&h=238&fm=jpg&auto=compress&fit=crop","price":"51.99","pricePer":null,"purchaseUnit":"1 count"},{"mainCategory":"Health & Home","categoryName":"Kitchen Essentials","subCategoryName":"Food Storage","title":"Single Bottle Wine and Picnic Tote - Blackberry","producer":"Aplat","photoPath":"https://goodeggs4.imgix.net/351131c3-3281-4ffc-8266-a935737ec29a.jpg?w=380&h=238&fm=jpg&auto=compress&fit=crop","price":"51.99","pricePer":null,"purchaseUnit":"1 count"},{"mainCategory":"Health & Home","categoryName":"Paper Goods","subCategoryName":"","title":"Facial Tissue","producer":"Seventh Generation","photoPath":"https://goodeggs4.imgix.net/7bc2360d-06fd-4774-8b29-91838103ecc3.jpg?w=380&h=238&fm=jpg&auto=compress&fit=crop","price":"2.69","pricePer":null,"purchaseUnit":"1 count"},{"mainCategory":"Health & Home","categoryName":"Paper Goods","subCategoryName":"","title":"Tree-Free Kitchen Towels","producer":"The Cheeky Panda","photoPath":"https://goodeggs4.imgix.net/878659f8-e13e-49a2-8fe9-e031b8282917.jpg?w=380&h=238&fm=jpg&auto=compress&fit=crop","price":"5.99","pricePer":null,"purchaseUnit":"2 count"},{"mainCategory":"Health & Home","categoryName":"Paper Goods","subCategoryName":"","title":"Unbleached Paper Towels","producer":"Seventh Generation","photoPath":"https://goodeggs4.imgix.net/e3b4ac28-98b9-45a2-acd1-44c9cc63666f.jpg?w=380&h=238&fm=jpg&auto=compress&fit=crop","price":"2.99","pricePer":null,"purchaseUnit":"1 count"},{"mainCategory":"Health & Home","categoryName":"Paper Goods","subCategoryName":"","title":"Chlorine-Free Paper Towels","producer":"Seventh Generation","photoPath":"https://goodeggs4.imgix.net/9876fbe2-2312-4b6e-8e8f-44b3ab2713c5.jpg?w=380&h=238&fm=jpg&auto=compress&fit=crop","price":"2.99","pricePer":null,"purchaseUnit":"1 count"},{"mainCategory":"Health & Home","categoryName":"Paper Goods","subCategoryName":"","title":"Tree-Free Tissues","producer":"The Cheeky Panda","photoPath":"https://goodeggs4.imgix.net/d6c6ee28-357c-499f-a570-3519ecd0f80a.jpg?w=380&h=238&fm=jpg&auto=compress&fit=crop","price":"2.99","pricePer":null,"purchaseUnit":"1 count"},{"mainCategory":"Health & Home","categoryName":"Paper Goods","subCategoryName":"","title":"Tree-Free Bathroom Tissue","producer":"The Cheeky Panda","photoPath":"https://goodeggs4.imgix.net/f8ae1608-3fc1-4fe5-be3c-a87d6f28d8ef.jpg?w=380&h=238&fm=jpg&auto=compress&fit=crop","price":"8.99","pricePer":null,"purchaseUnit":"9 count"},{"mainCategory":"Health & Home","categoryName":"Paper Goods","subCategoryName":"","title":"Tree-Free Bathroom Tissue","producer":"The Cheeky Panda","photoPath":"https://goodeggs4.imgix.net/cf6c5c3d-835d-4569-937c-9b3823c3a9c7.jpg?w=380&h=238&fm=jpg&auto=compress&fit=crop","price":"4.99","pricePer":null,"purchaseUnit":"4 count"},{"mainCategory":"Health & Home","categoryName":"Trash & Compost","subCategoryName":"","title":"Tall Kitchen Compostable Bags","producer":"EcoSafe Zero Waste","photoPath":"https://goodeggs4.imgix.net/bcd9178f-d479-44a4-8484-e4e3854bab02.jpg?w=380&h=238&fm=jpg&auto=compress&fit=crop","price":"4.99","pricePer":null,"purchaseUnit":"12 count"},{"mainCategory":"Health & Home","categoryName":"Trash & Compost","subCategoryName":"","title":"Mini Kitchen Compostable Bags","producer":"EcoSafe Zero Waste","photoPath":"https://goodeggs4.imgix.net/f338654d-4676-4632-b176-45b9d760d2ab.jpg?w=380&h=238&fm=jpg&auto=compress&fit=crop","price":"4.99","pricePer":null,"purchaseUnit":"30 count"},{"mainCategory":"Health & Home","categoryName":"Trash & Compost","subCategoryName":"","title":"Bulk Mini Kitchen Compostable Bags","producer":"EcoSafe Zero Waste","photoPath":"https://goodeggs4.imgix.net/5e989fac-a4d9-4ca4-b1f3-724b31c0dedd.jpg?w=380&h=238&fm=jpg&auto=compress&fit=crop","price":"12.99","pricePer":null,"purchaseUnit":"90 count"},{"mainCategory":"Health & Home","categoryName":"Trash & Compost","subCategoryName":"","title":"Tall Kitchen Trash Bags","producer":"Seventh Generation","photoPath":"https://goodeggs4.imgix.net/83cf0b82-5852-4d27-9efb-9347b12fad88.jpg?w=380&h=238&fm=jpg&auto=compress&fit=crop","price":"5.99","pricePer":null,"purchaseUnit":"20 count"},{"mainCategory":"Health & Home","categoryName":"Personal Care","subCategoryName":"","title":"Ultra-Thin Pads","producer":"Seventh Generation","photoPath":"https://goodeggs4.imgix.net/29933e90-3065-47b0-a281-9cb5184b6471.jpg?w=380&h=238&fm=jpg&auto=compress&fit=crop","price":"4.99","pricePer":null,"purchaseUnit":"18 count"},{"mainCategory":"Health & Home","categoryName":"Personal Care","subCategoryName":"","title":"Pantiliners","producer":"Seventh Generation","photoPath":"https://goodeggs4.imgix.net/dac8e5b6-ae64-4d67-9748-3a953fab884e.jpg?w=380&h=238&fm=jpg&auto=compress&fit=crop","price":"4.99","pricePer":null,"purchaseUnit":"50 count"},{"mainCategory":"Health & Home","categoryName":"Wellness","subCategoryName":"Protein & Energy Bars","title":"Case of Chocolate Peanut Butter Builder's Bars","producer":"Clif Bar","photoPath":"https://goodeggs4.imgix.net/7db2f452-582b-471d-8fa4-1cf18f594f75.jpg?w=380&h=238&fm=jpg&auto=compress&fit=crop","price":"11.49","pricePer":"$0.79 / oz","purchaseUnit":"6 count"},{"mainCategory":"Health & Home","categoryName":"Wellness","subCategoryName":"Protein & Energy Bars","title":"Chocolate Peanut Butter Builder's Bar","producer":"Clif Bar","photoPath":"https://goodeggs4.imgix.net/495e4414-0ee5-4091-bfc4-504744cb20ee.jpg?w=380&h=238&fm=jpg&auto=compress&fit=crop","price":"2.29","pricePer":"$0.95 / oz","purchaseUnit":"2.4 oz"},{"mainCategory":"Health & Home","categoryName":"Wellness","subCategoryName":"Protein & Energy Bars","title":"Chocolate Mint Protein Bar","producer":"Aloha ","photoPath":"https://goodeggs4.imgix.net/7e2b19f7-987c-47c0-9f7e-6d65aa2ee3ec.jpg?w=380&h=238&fm=jpg&auto=compress&fit=crop","price":"2.79","pricePer":null,"purchaseUnit":"1 count"},{"mainCategory":"Health & Home","categoryName":"Wellness","subCategoryName":"Protein & Energy Bars","title":"Chocolate Chip Cookie Dough Protein Bar","producer":"Aloha ","photoPath":"https://goodeggs4.imgix.net/a639396c-8d0b-496f-98ec-704f20c4347b.jpg?w=380&h=238&fm=jpg&auto=compress&fit=crop","price":"2.79","pricePer":null,"purchaseUnit":"1 count"},{"mainCategory":"Health & Home","categoryName":"Wellness","subCategoryName":"Protein & Energy Bars","title":"Peanut Butter Chocolate Chip Protein Bar","producer":"Aloha ","photoPath":"https://goodeggs4.imgix.net/bf064504-5b4e-4c9e-912a-5b41bbbbd349.jpg?w=380&h=238&fm=jpg&auto=compress&fit=crop","price":"2.79","pricePer":null,"purchaseUnit":"1 count"},{"mainCategory":"Health & Home","categoryName":"Wellness","subCategoryName":"Protein & Energy Bars","title":"Case of Almond Butter Bars","producer":"Perfect Bar","photoPath":"https://goodeggs4.imgix.net/8dd0dcf0-b413-43f6-a115-37001c6f13fd.jpg?w=380&h=238&fm=jpg&auto=compress&fit=crop","price":"22.99","pricePer":"$1.24 / oz","purchaseUnit":"8 count"},{"mainCategory":"Health & Home","categoryName":"Wellness","subCategoryName":"Blends & Boosts","title":"Organic Black Chia Seeds","producer":"Edison Grainery","photoPath":"https://goodeggs4.imgix.net/8814c846-77ac-4411-9a98-7c146d1461d4.jpg?w=380&h=238&fm=jpg&auto=compress&fit=crop","price":"7.99","pricePer":"$7.99 / lb","purchaseUnit":"16 oz"},{"mainCategory":"Health & Home","categoryName":"Wellness","subCategoryName":"Blends & Boosts","title":"Organic Chia Seeds","producer":"Navitas Organics","photoPath":"https://goodeggs4.imgix.net/cf0f660d-cf2d-4146-a24c-bfd4dc0f8964.jpg?w=380&h=238&fm=jpg&auto=compress&fit=crop","price":"8.99","pricePer":"$17.98 / lb","purchaseUnit":"8 oz"},{"mainCategory":"Health & Home","categoryName":"Wellness","subCategoryName":"Blends & Boosts","title":"Organic Hemp Seeds","producer":"Navitas Organics","photoPath":"https://goodeggs4.imgix.net/ad7e3ac8-1de0-4b36-987e-cf136b4513cd.jpg?w=380&h=238&fm=jpg&auto=compress&fit=crop","price":"14.99","pricePer":"$29.98 / lb","purchaseUnit":"8 oz"},{"mainCategory":"Health & Home","categoryName":"Wellness","subCategoryName":"Blends & Boosts","title":"Organic Cacao Nibs","producer":"Navitas Organics","photoPath":"https://goodeggs4.imgix.net/38535df8-28d2-4e41-a219-04b91c6a9eab.jpg?w=380&h=238&fm=jpg&auto=compress&fit=crop","price":"10.99","pricePer":"$21.98 / lb","purchaseUnit":"8 oz"},{"mainCategory":"Health & Home","categoryName":"Wellness","subCategoryName":"Blends & Boosts","title":"Organic Matcha Powder","producer":"Navitas Organics","photoPath":"https://goodeggs4.imgix.net/b8948f94-33c0-4411-9f09-00ed2549d144.jpg?w=380&h=238&fm=jpg&auto=compress&fit=crop","price":"20.99","pricePer":"$111.94 / lb","purchaseUnit":"3 oz"},{"mainCategory":"Health & Home","categoryName":"Wellness","subCategoryName":"Blends & Boosts","title":"Organic Maca Powder","producer":"Navitas Organics","photoPath":"https://goodeggs4.imgix.net/f5981afd-90c3-41c7-8a9a-519696fa7e49.jpg?w=380&h=238&fm=jpg&auto=compress&fit=crop","price":"14.99","pricePer":"$29.98 / lb","purchaseUnit":"8 oz"},{"mainCategory":"Health & Home","categoryName":"Wellness","subCategoryName":"Blends & Boosts","title":"Organic Acai Powder","producer":"Navitas Organics","photoPath":"https://goodeggs4.imgix.net/ee025b72-3674-4fe7-802f-97d9204be5af.jpg?w=380&h=238&fm=jpg&auto=compress&fit=crop","price":"19.99","pricePer":"$79.96 / lb","purchaseUnit":"4 oz"},{"mainCategory":"Health & Home","categoryName":"Wellness","subCategoryName":"Blends & Boosts","title":"Organic Vanilla & Greens Blend","producer":"Navitas Organics","photoPath":"https://goodeggs4.imgix.net/3b2d839c-68e5-4fe1-aef3-2f195d3d5fa3.jpg?w=380&h=238&fm=jpg&auto=compress&fit=crop","price":"24.99","pricePer":null,"purchaseUnit":"8.4 oz"},{"mainCategory":"Health & Home","categoryName":"Wellness","subCategoryName":"Blends & Boosts","title":"Organic Cacao & Greens Blend","producer":"Navitas Organics","photoPath":"https://goodeggs4.imgix.net/92d070cc-5e0a-420c-987f-255ede55896a.jpg?w=380&h=238&fm=jpg&auto=compress&fit=crop","price":"24.99","pricePer":null,"purchaseUnit":"8.8 oz"},{"mainCategory":"Health & Home","categoryName":"Wellness","subCategoryName":"Blends & Boosts","title":"Organic Turmeric Powder","producer":"Navitas Organics","photoPath":"https://goodeggs4.imgix.net/3cedd00f-59d5-4837-a8b2-f11651681ad8.jpg?w=380&h=238&fm=jpg&auto=compress&fit=crop","price":"11.99","pricePer":"$23.98 / lb","purchaseUnit":"8 oz"},{"mainCategory":"Health & Home","categoryName":"Wellness","subCategoryName":"Blends & Boosts","title":"Berry Calm Superfood Powder","producer":"Sunwink Herbal Tonics","photoPath":"https://goodeggs4.imgix.net/ece48054-3285-4535-acd3-1093e81ac859.jpg?w=380&h=238&fm=jpg&auto=compress&fit=crop","price":"29.99","pricePer":"$7.14 / oz","purchaseUnit":"4.2 oz"},{"mainCategory":"Health & Home","categoryName":"Wellness","subCategoryName":"Blends & Boosts","title":"Cacao Clarity Superfood Powder","producer":"Sunwink Herbal Tonics","photoPath":"https://goodeggs4.imgix.net/079ca05d-e444-40e5-a062-97e49904cc7e.jpg?w=380&h=238&fm=jpg&auto=compress&fit=crop","price":"29.99","pricePer":"$7.14 / oz","purchaseUnit":"4.2 oz"},{"mainCategory":"Health & Home","categoryName":"Wellness","subCategoryName":"Blends & Boosts","title":"Original Psyllium Pre & Probiotic Fiber","producer":"Organic India","photoPath":"https://goodeggs4.imgix.net/2c914d32-ad57-4faa-884f-75fc2b568f40.jpg?w=380&h=238&fm=jpg&auto=compress&fit=crop","price":"14.99","pricePer":null,"purchaseUnit":"10 oz"},{"mainCategory":"Health & Home","categoryName":"Wellness","subCategoryName":"Blends & Boosts","title":"Daily Adaptogen Powder","producer":"Goldmine","photoPath":"https://goodeggs4.imgix.net/6e5f9395-a00f-477b-8273-31442c68d5a1.jpg?w=380&h=238&fm=jpg&auto=compress&fit=crop","price":"27.99","pricePer":"$20.43 / oz","purchaseUnit":"1.37 oz"},{"mainCategory":"Health & Home","categoryName":"Wellness","subCategoryName":"Blends & Boosts","title":"Daily Adaptogen Powder","producer":"Goldmine","photoPath":"https://goodeggs4.imgix.net/94e24eb4-53c1-4047-8686-275dcc528aea.jpg?w=380&h=238&fm=jpg&auto=compress&fit=crop","price":"19.99","pricePer":"$28.15 / oz","purchaseUnit":"10 count"},{"mainCategory":"Health & Home","categoryName":"Wellness","subCategoryName":"Blends & Boosts","title":"Easy Being Green Superfood Greens Powder","producer":"Ora Organic","photoPath":"https://goodeggs4.imgix.net/0781e113-c3a2-4181-b401-92d112ddffb6.jpg?w=380&h=238&fm=jpg&auto=compress&fit=crop","price":"27.99","pricePer":null,"purchaseUnit":"8.5 oz"},{"mainCategory":"Health & Home","categoryName":"Wellness","subCategoryName":"Wellness Shots","title":"Organic Turmeric-Relieve","producer":"Urban Remedy","photoPath":"https://goodeggs4.imgix.net/805ec546-86ee-4e09-9137-df57e26addd9.jpg?w=380&h=238&fm=jpg&auto=compress&fit=crop","price":"6.99","pricePer":"$1.74 / fl oz","purchaseUnit":"4 fl oz"},{"mainCategory":"Health & Home","categoryName":"Wellness","subCategoryName":"Wellness Shots","title":"Organic Wellness Shot for your Skin","producer":"Dose","photoPath":"https://goodeggs4.imgix.net/5064aa3e-3c86-4980-9187-e6258d5bbf8c.jpg?w=380&h=238&fm=jpg&auto=compress&fit=crop","price":"3.99","pricePer":"$1.99 / oz","purchaseUnit":"2 oz"},{"mainCategory":"Health & Home","categoryName":"Wellness","subCategoryName":"Wellness Shots","title":"Organic Original Immunity Boost","producer":"Vive Organic","photoPath":"https://goodeggs4.imgix.net/bb8bc3a3-973f-4198-a3a2-9a65cdf5c0df.jpg?w=380&h=238&fm=jpg&auto=compress&fit=crop","price":"3.79","pricePer":"$1.89 / fl oz","purchaseUnit":"2 fl oz"},{"mainCategory":"Health & Home","categoryName":"Wellness","subCategoryName":"Wellness Shots","title":"Organic Antioxidant Detox","producer":"Vive Organic","photoPath":"https://goodeggs4.imgix.net/64e3a924-8561-495f-b52e-d51f9c83962f.jpg?w=380&h=238&fm=jpg&auto=compress&fit=crop","price":"3.79","pricePer":"$1.89 / fl oz","purchaseUnit":"2 fl oz"},{"mainCategory":"Health & Home","categoryName":"Wellness","subCategoryName":"Wellness Shots","title":"Wellness Shot for your Liver","producer":"Dose","photoPath":"https://goodeggs4.imgix.net/69105278-f518-4be2-a0b3-1cd6cbcf84e3.jpg?w=380&h=238&fm=jpg&auto=compress&fit=crop","price":"3.99","pricePer":"$1.99 / oz","purchaseUnit":"2 oz"},{"mainCategory":"Health & Home","categoryName":"Wellness","subCategoryName":"Wellness Shots","title":"Hawaiian Healer","producer":"Happy Moose Juice","photoPath":"https://goodeggs4.imgix.net/6f805091-38ef-4991-a913-809044983aa1.jpg?w=380&h=238&fm=jpg&auto=compress&fit=crop","price":"3.79","pricePer":"$1.89 / fl oz","purchaseUnit":"2 fl oz"},{"mainCategory":"Health & Home","categoryName":"Wellness","subCategoryName":"Wellness Shots","title":"Organic Cayenne Immunity Boost","producer":"Vive Organic","photoPath":"https://goodeggs4.imgix.net/513e022b-1417-4539-87d5-18ade2bacfd1.jpg?w=380&h=238&fm=jpg&auto=compress&fit=crop","price":"3.79","pricePer":"$1.89 / fl oz","purchaseUnit":"2 fl oz"},{"mainCategory":"Health & Home","categoryName":"Wellness","subCategoryName":"Wellness Shots","title":"Organic Wellness Rescue","producer":"Vive Organic","photoPath":"https://goodeggs4.imgix.net/a81b2a6b-3cf9-4485-9a6b-b9bb9343101f.jpg?w=380&h=238&fm=jpg&auto=compress&fit=crop","price":"3.79","pricePer":"$1.89 / fl oz","purchaseUnit":"2 fl oz"},{"mainCategory":"Health & Home","categoryName":"Wellness","subCategoryName":"Wellness Shots","title":"Glow Up Beauty Shot","producer":"Happy Moose Juice","photoPath":"https://goodeggs4.imgix.net/3f312610-8375-11eb-9783-f3d67f42bb6b?w=380&h=238&fm=jpg&auto=compress&fit=crop","price":"3.79","pricePer":"$1.89 / fl oz","purchaseUnit":"2 fl oz"},{"mainCategory":"Health & Home","categoryName":"Wellness","subCategoryName":"Wellness Shots","title":"Feel Mo' Betta","producer":"Happy Moose Juice","photoPath":"https://goodeggs4.imgix.net/f0237e9e-574d-4add-886f-aec28e944b56.jpg?w=380&h=238&fm=jpg&auto=compress&fit=crop","price":"3.79","pricePer":"$1.89 / fl oz","purchaseUnit":"2 fl oz"},{"mainCategory":"Health & Home","categoryName":"Wellness","subCategoryName":"Wellness Shots","title":"Organic Wellness Shot for Soreness","producer":"Dose","photoPath":"https://goodeggs4.imgix.net/9d375c41-0b9d-4074-a789-09f56695170b.jpg?w=380&h=238&fm=jpg&auto=compress&fit=crop","price":"3.99","pricePer":"$1.99 / oz","purchaseUnit":"2 oz"},{"mainCategory":"Health & Home","categoryName":"Wellness","subCategoryName":"Wellness Shots","title":"Belly Boost Shot","producer":"Happy Moose Juice","photoPath":"https://goodeggs4.imgix.net/3f30ff00-8375-11eb-9783-f3d67f42bb6b?w=380&h=238&fm=jpg&auto=compress&fit=crop","price":"3.79","pricePer":"$1.89 / fl oz","purchaseUnit":"2 fl oz"},{"mainCategory":"Health & Home","categoryName":"Wellness","subCategoryName":"Wellness Shots","title":"Pep In Ya' Step Energy Shot","producer":"Happy Moose Juice","photoPath":"https://goodeggs4.imgix.net/3f312611-8375-11eb-9783-f3d67f42bb6b?w=380&h=238&fm=jpg&auto=compress&fit=crop","price":"3.79","pricePer":"$1.89 / fl oz","purchaseUnit":"2 fl oz"},{"mainCategory":"Health & Home","categoryName":"Wellness","subCategoryName":"Wellness Shots","title":"Original Immunity Boost 4-Pack","producer":"Vive Organic","photoPath":"https://goodeggs4.imgix.net/88519a4c-5086-4534-8e2e-c1b5f554d08e.jpg?w=380&h=238&fm=jpg&auto=compress&fit=crop","price":"13.99","pricePer":"$1.74 / fl oz","purchaseUnit":"4 count"},{"mainCategory":"Health & Home","categoryName":"Wellness","subCategoryName":"Wellness Shots","title":"Organic Wellness Shot for Immunity","producer":"Dose","photoPath":"https://goodeggs4.imgix.net/6ae0e110-7f06-411e-b00f-cba4b4eb3a7f.jpg?w=380&h=238&fm=jpg&auto=compress&fit=crop","price":"3.99","pricePer":"$1.99 / oz","purchaseUnit":"2 oz"},{"mainCategory":"Health & Home","categoryName":"Wellness","subCategoryName":"Wellness Shots","title":"Organic \"Stress Be Gone\" Honey Chamomile Moringa Shot","producer":"Kuli Kuli","photoPath":"https://goodeggs4.imgix.net/6ec03a9d-7562-4b10-9646-fc2e4c85d051.jpg?w=380&h=238&fm=jpg&auto=compress&fit=crop","price":"3.29","pricePer":"$1.31 / fl oz","purchaseUnit":"2.5 fl oz"},{"mainCategory":"Health & Home","categoryName":"Wellness","subCategoryName":"Wellness Shots","title":"Organic Focus Shot","producer":"California Juice Company","photoPath":"https://goodeggs4.imgix.net/e55a8c40-71c6-4910-942d-1a4269ebe26a.jpg?w=380&h=238&fm=jpg&auto=compress&fit=crop","price":"3.79","pricePer":"$1.72 / fl oz","purchaseUnit":"2.2 fl oz"},{"mainCategory":"Health & Home","categoryName":"Wellness","subCategoryName":"Wellness Shots","title":"Organic Immunity Shot","producer":"California Juice Company","photoPath":"https://goodeggs4.imgix.net/1618e5b2-5eea-486a-951d-95e9fe2fbb36.jpg?w=380&h=238&fm=jpg&auto=compress&fit=crop","price":"3.79","pricePer":"$1.72 / fl oz","purchaseUnit":"2.2 fl oz"},{"mainCategory":"Health & Home","categoryName":"Wellness","subCategoryName":"Wellness Shots","title":"Elderberry Boost Shot","producer":"Vive Organic","photoPath":"https://goodeggs4.imgix.net/78afa2a6-88db-4051-9099-519f7c5ef104.jpg?w=380&h=238&fm=jpg&auto=compress&fit=crop","price":"3.79","pricePer":"$1.89 / fl oz","purchaseUnit":"2 fl oz"},{"mainCategory":"Health & Home","categoryName":"Wellness","subCategoryName":"Wellness Shots","title":"Organic \"Get Well Soon\" Vitamin C Moringa Shot","producer":"Kuli Kuli","photoPath":"https://goodeggs4.imgix.net/1aeb1b9f-6317-43aa-b768-00c9ace723fc.jpg?w=380&h=238&fm=jpg&auto=compress&fit=crop","price":"3.29","pricePer":"$1.31 / fl oz","purchaseUnit":"2.5 fl oz"},{"mainCategory":"Health & Home","categoryName":"Wellness","subCategoryName":"Wellness Shots","title":"Organic Revive Shot","producer":"California Juice Company","photoPath":"https://goodeggs4.imgix.net/6796598a-3652-4609-8927-8c5b1c4e1ffd.jpg?w=380&h=238&fm=jpg&auto=compress&fit=crop","price":"3.79","pricePer":"$1.72 / fl oz","purchaseUnit":"2.2 fl oz"},{"mainCategory":"Health & Home","categoryName":"Wellness","subCategoryName":"Wellness Shots","title":"Energy+Focus Immunity Shot","producer":"Vive Organic","photoPath":"https://goodeggs4.imgix.net/1cdec226-fc14-495f-856f-bf31ff4ac83e.jpg?w=380&h=238&fm=jpg&auto=compress&fit=crop","price":"3.79","pricePer":"$1.89 / fl oz","purchaseUnit":"2 fl oz"},{"mainCategory":"Health & Home","categoryName":"Wellness","subCategoryName":"Wellness Shots","title":"Elderberry Boost 4-Pack","producer":"Vive Organic","photoPath":"https://goodeggs4.imgix.net/415af2ec-c895-4b10-a0b6-2628eddf719e.jpg?w=380&h=238&fm=jpg&auto=compress&fit=crop","price":"13.99","pricePer":"$1.74 / fl oz","purchaseUnit":"4 count"},{"mainCategory":"Health & Home","categoryName":"Wellness","subCategoryName":"Protein Powders","title":"Chocolate Plant Based Protein Powder","producer":"Aloha ","photoPath":"https://goodeggs4.imgix.net/2092b195-ed17-422d-9ade-9bffca689323.jpg?w=380&h=238&fm=jpg&auto=compress&fit=crop","price":"35.99","pricePer":"$1.89 / oz","purchaseUnit":"19 oz"},{"mainCategory":"Health & Home","categoryName":"Wellness","subCategoryName":"Protein Powders","title":"Vanilla Plant Based Protein Powder","producer":"Aloha ","photoPath":"https://goodeggs4.imgix.net/722f892d-d2e5-4076-b955-a53f6cc02322.jpg?w=380&h=238&fm=jpg&auto=compress&fit=crop","price":"35.99","pricePer":"$1.94 / oz","purchaseUnit":"18.5 oz"},{"mainCategory":"Health & Home","categoryName":"Wellness","subCategoryName":"Protein Powders","title":"Vanilla Protein Powder","producer":"Ora Organic","photoPath":"https://goodeggs4.imgix.net/6b584e27-7b77-4aa0-aaf9-556f8fdce2bf.jpg?w=380&h=238&fm=jpg&auto=compress&fit=crop","price":"37.99","pricePer":null,"purchaseUnit":"21.2 oz"},{"mainCategory":"Health & Home","categoryName":"Wellness","subCategoryName":"Protein Powders","title":"Chocolate Coconut Collagen Fuel Canister","producer":"Primal Kitchen","photoPath":"https://goodeggs4.imgix.net/bfeef151-f8f9-45a7-a69b-83836ef51db5.jpg?w=380&h=238&fm=jpg&auto=compress&fit=crop","price":"39.99","pricePer":"$2.87 / oz","purchaseUnit":"13.9 oz"},{"mainCategory":"Health & Home","categoryName":"Wellness","subCategoryName":"Protein Powders","title":"Vanilla Coconut Collagen Fuel Canister","producer":"Primal Kitchen","photoPath":"https://goodeggs4.imgix.net/f5c850f1-a1bd-4a4a-bde8-b22d9a28e85c.jpg?w=380&h=238&fm=jpg&auto=compress&fit=crop","price":"39.99","pricePer":"$3.05 / oz","purchaseUnit":"13.1 oz"},{"mainCategory":"Health & Home","categoryName":"Wellness","subCategoryName":"Protein Powders","title":"Vanilla Coconut Collagen Fuel, Single Serve","producer":"Primal Kitchen","photoPath":"https://goodeggs4.imgix.net/91249e6b-8060-4d90-a0ec-3eee536b4ab5.jpg?w=380&h=238&fm=jpg&auto=compress&fit=crop","price":"34.99","pricePer":"$5.39 / oz","purchaseUnit":"12 count"},{"mainCategory":"Health & Home","categoryName":"Wellness","subCategoryName":"Protein Powders","title":"Chocolate Coconut Collagen Fuel, Single Serve","producer":"Primal Kitchen","photoPath":"https://goodeggs4.imgix.net/1044e8a2-a043-4ac5-9ba5-cd4545265515.jpg?w=380&h=238&fm=jpg&auto=compress&fit=crop","price":"34.99","pricePer":"$5.02 / oz","purchaseUnit":"12 count"},{"mainCategory":"Health & Home","categoryName":"Bath & Body","subCategoryName":"Essential Oils & Aromatherapy","title":"CBD Infused Athletic Epsom Salt","producer":"OM Wellness","photoPath":"https://goodeggs4.imgix.net/2f86c78d-1080-460a-a116-e0624b2295e7.jpg?w=380&h=238&fm=jpg&auto=compress&fit=crop","price":"11.99","pricePer":null,"purchaseUnit":"6.5 oz"},{"mainCategory":"Health & Home","categoryName":"Bath & Body","subCategoryName":"Essential Oils & Aromatherapy","title":"CBD Infused Lavender Epsom Salt","producer":"OM Wellness","photoPath":"https://goodeggs4.imgix.net/0c0d03f3-f437-4388-a7c8-cdff47e6a499.jpg?w=380&h=238&fm=jpg&auto=compress&fit=crop","price":"11.99","pricePer":null,"purchaseUnit":"6.5 oz"},{"mainCategory":"Health & Home","categoryName":"Bath & Body","subCategoryName":"Essential Oils & Aromatherapy","title":"CBD Infused Rose Geranium Epsom Salt","producer":"OM Wellness","photoPath":"https://goodeggs4.imgix.net/404fd635-1bb2-4f47-a293-298cea50ca5e.jpg?w=380&h=238&fm=jpg&auto=compress&fit=crop","price":"11.99","pricePer":null,"purchaseUnit":"6.5 oz"},{"mainCategory":"Health & Home","categoryName":"Bath & Body","subCategoryName":"Essential Oils & Aromatherapy","title":"CBD Infused Fragrance Free Epsom Salt","producer":"OM Wellness","photoPath":"https://goodeggs4.imgix.net/24969782-0f1a-4551-b318-0a07fe0ff4e0.jpg?w=380&h=238&fm=jpg&auto=compress&fit=crop","price":"11.99","pricePer":null,"purchaseUnit":"6.5 oz"},{"mainCategory":"Health & Home","categoryName":"Bath & Body","subCategoryName":"Essential Oils & Aromatherapy","title":"CBD Infused Rose Geranium Bath and Body Oil","producer":"OM Wellness","photoPath":"https://goodeggs4.imgix.net/9f9f2e30-7f59-4b77-ba4d-e46550a034c6.jpg?w=380&h=238&fm=jpg&auto=compress&fit=crop","price":"33.99","pricePer":null,"purchaseUnit":"2 oz"},{"mainCategory":"Health & Home","categoryName":"Bath & Body","subCategoryName":"Essential Oils & Aromatherapy","title":"CBD Infused Lavender Bath and Body Oil","producer":"OM Wellness","photoPath":"https://goodeggs4.imgix.net/340de572-5020-4c01-8a18-f3e32df7a7bd.jpg?w=380&h=238&fm=jpg&auto=compress&fit=crop","price":"33.99","pricePer":null,"purchaseUnit":"2 oz"},{"mainCategory":"Health & Home","categoryName":"Bath & Body","subCategoryName":"Essential Oils & Aromatherapy","title":"CBD Infused Fragrance Free Bath and Body Oil","producer":"OM Wellness","photoPath":"https://goodeggs4.imgix.net/f56b3ae4-6481-46cd-8819-884b3894f4ce.jpg?w=380&h=238&fm=jpg&auto=compress&fit=crop","price":"33.99","pricePer":null,"purchaseUnit":"2 oz"},{"mainCategory":"Health & Home","categoryName":"Bath & Body","subCategoryName":"Essential Oils & Aromatherapy","title":"Coast Gift Set","producer":"Juniper Ridge","photoPath":"https://goodeggs4.imgix.net/5e5a9d28-ce34-4b69-826b-f7971adfe307.jpg?w=380&h=238&fm=jpg&auto=compress&fit=crop","price":"34.99","pricePer":null,"purchaseUnit":"3 count"},{"mainCategory":"Health & Home","categoryName":"Bath & Body","subCategoryName":"Essential Oils & Aromatherapy","title":"Desert Gift Set","producer":"Juniper Ridge","photoPath":"https://goodeggs4.imgix.net/85fae300-70d6-4db9-ad34-f8538e73917f.jpg?w=380&h=238&fm=jpg&auto=compress&fit=crop","price":"34.99","pricePer":null,"purchaseUnit":"3 count"},{"mainCategory":"Health & Home","categoryName":"Bath & Body","subCategoryName":"Essential Oils & Aromatherapy","title":"Holiday Gift Set","producer":"Juniper Ridge","photoPath":"https://goodeggs4.imgix.net/9cb926af-75a8-4bb3-bed3-2a52d4f0533c.jpg?w=380&h=238&fm=jpg&auto=compress&fit=crop","price":"34.99","pricePer":null,"purchaseUnit":"3 count"},{"mainCategory":"Health & Home","categoryName":"Bath & Body","subCategoryName":"Essential Oils & Aromatherapy","title":"Essential Oil Gift Pack","producer":"Juniper Ridge","photoPath":"https://goodeggs4.imgix.net/b25d666e-a5b2-457d-a3f2-a4620a9e51bc.jpg?w=380&h=238&fm=jpg&auto=compress&fit=crop","price":"59.99","pricePer":null,"purchaseUnit":"5 count"},{"mainCategory":"Health & Home","categoryName":"Bath & Body","subCategoryName":"Soap & Body Wash","title":"Meyer Lemon & Mandarin Hand Soap","producer":"EO/Everyone","photoPath":"https://goodeggs4.imgix.net/417aa22f-318c-41ed-8251-5a5e8da3112c.jpg?w=380&h=238&fm=jpg&auto=compress&fit=crop","price":"4.99","pricePer":"$0.39 / oz","purchaseUnit":"12.75 oz"},{"mainCategory":"Health & Home","categoryName":"Bath & Body","subCategoryName":"Soap & Body Wash","title":"Lavender & Coconut Hand Soap","producer":"EO/Everyone","photoPath":"https://goodeggs4.imgix.net/96a9d7dd-5e00-42b8-b573-47b821004c77.jpg?w=380&h=238&fm=jpg&auto=compress&fit=crop","price":"4.99","pricePer":"$0.39 / oz","purchaseUnit":"12.75 oz"},{"mainCategory":"Health & Home","categoryName":"Bath & Body","subCategoryName":"Soap & Body Wash","title":"Hand Soap Refill - Meyer Lemon Mandarin","producer":"EO/Everyone","photoPath":"https://goodeggs4.imgix.net/fcae355a-fc00-48f4-96c7-26514f6e73af.jpeg?w=380&h=238&fm=jpg&auto=compress&fit=crop","price":"11.99","pricePer":"$0.37 / oz","purchaseUnit":"32 oz"},{"mainCategory":"Health & Home","categoryName":"Bath & Body","subCategoryName":"Soap & Body Wash","title":"1000 Roses Soothing Shower Gel","producer":"Andalou Naturals","photoPath":"https://goodeggs4.imgix.net/d8f154e8-5013-43b0-a833-d32fd2d1b944.jpg?w=380&h=238&fm=jpg&auto=compress&fit=crop","price":"9.99","pricePer":"$1.17 / oz","purchaseUnit":"8.5 oz"},{"mainCategory":"Health & Home","categoryName":"Bath & Body","subCategoryName":"Soap & Body Wash","title":"Orange Squeeze Kids 3 in 1 Soap","producer":"EO/Everyone","photoPath":"https://goodeggs4.imgix.net/bab79769-7771-4023-a91c-933ec1a7ff02.jpeg?w=380&h=238&fm=jpg&auto=compress&fit=crop","price":"10.99","pricePer":"$0.34 / oz","purchaseUnit":"32 oz"},{"mainCategory":"Health & Home","categoryName":"Bath & Body","subCategoryName":"Soap & Body Wash","title":"Unscented 3 in 1 Soap","producer":"EO/Everyone","photoPath":"https://goodeggs4.imgix.net/f4d5c60c-5d07-4166-8100-98dfac0cdfe5.jpeg?w=380&h=238&fm=jpg&auto=compress&fit=crop","price":"10.99","pricePer":"$0.34 / oz","purchaseUnit":"32 oz"},{"mainCategory":"Health & Home","categoryName":"Bath & Body","subCategoryName":"Soap & Body Wash","title":"Lavender Lullaby Kids 3 in 1 Soap","producer":"EO/Everyone","photoPath":"https://goodeggs4.imgix.net/5a78c8dd-e772-42a7-aa49-457d42af21eb.jpeg?w=380&h=238&fm=jpg&auto=compress&fit=crop","price":"10.99","pricePer":"$0.34 / oz","purchaseUnit":"32 oz"},{"mainCategory":"Health & Home","categoryName":"Bath & Body","subCategoryName":"Soap & Body Wash","title":"Citrus Sunflower Uplifting Shower Gel","producer":"Andalou Naturals","photoPath":"https://goodeggs4.imgix.net/072a91f6-0452-4773-8ed8-ca6d000b1bed.jpg?w=380&h=238&fm=jpg&auto=compress&fit=crop","price":"9.99","pricePer":"$1.17 / oz","purchaseUnit":"8.5 oz"},{"mainCategory":"Health & Home","categoryName":"Bath & Body","subCategoryName":"Soap & Body Wash","title":"Lavender Thyme Refreshing Shower Gel","producer":"Andalou Naturals","photoPath":"https://goodeggs4.imgix.net/0135e46f-2c38-4dd9-acf3-984989253d5c.jpg?w=380&h=238&fm=jpg&auto=compress&fit=crop","price":"9.99","pricePer":"$1.17 / oz","purchaseUnit":"8.5 oz"},{"mainCategory":"Health & Home","categoryName":"Bath & Body","subCategoryName":"Soap & Body Wash","title":"Tropical Coconut Twist Kids 3 in 1 Soap","producer":"EO/Everyone","photoPath":"https://goodeggs4.imgix.net/5289f06d-51c0-48ba-bb9e-efce977a9a05.jpeg?w=380&h=238&fm=jpg&auto=compress&fit=crop","price":"10.99","pricePer":"$0.34 / oz","purchaseUnit":"32 oz"},{"mainCategory":"Health & Home","categoryName":"Bath & Body","subCategoryName":"Soap & Body Wash","title":"1000 Roses Soothing Shower Gel","producer":"Andalou Naturals","photoPath":"https://goodeggs4.imgix.net/bd549bba-db61-48f1-b4d4-4419441db0bb.jpeg?w=380&h=238&fm=jpg&auto=compress&fit=crop","price":"18.99","pricePer":"$0.59 / oz","purchaseUnit":"32 oz"},{"mainCategory":"Health & Home","categoryName":"Bath & Body","subCategoryName":"Soap & Body Wash","title":"Coast Gift Set","producer":"Juniper Ridge","photoPath":"https://goodeggs4.imgix.net/5e5a9d28-ce34-4b69-826b-f7971adfe307.jpg?w=380&h=238&fm=jpg&auto=compress&fit=crop","price":"34.99","pricePer":null,"purchaseUnit":"3 count"},{"mainCategory":"Health & Home","categoryName":"Bath & Body","subCategoryName":"Soap & Body Wash","title":"Desert Gift Set","producer":"Juniper Ridge","photoPath":"https://goodeggs4.imgix.net/85fae300-70d6-4db9-ad34-f8538e73917f.jpg?w=380&h=238&fm=jpg&auto=compress&fit=crop","price":"34.99","pricePer":null,"purchaseUnit":"3 count"},{"mainCategory":"Health & Home","categoryName":"Bath & Body","subCategoryName":"Soap & Body Wash","title":"Holiday Gift Set","producer":"Juniper Ridge","photoPath":"https://goodeggs4.imgix.net/9cb926af-75a8-4bb3-bed3-2a52d4f0533c.jpg?w=380&h=238&fm=jpg&auto=compress&fit=crop","price":"34.99","pricePer":null,"purchaseUnit":"3 count"},{"mainCategory":"Health & Home","categoryName":"Bath & Body","subCategoryName":"Deodorant","title":"Organic Citrus Deodorant Spray","producer":"EO/Everyone","photoPath":"https://goodeggs4.imgix.net/bbf92e53-92e7-44c4-ae33-b83728943cf2.jpeg?w=380&h=238&fm=jpg&auto=compress&fit=crop","price":"6.99","pricePer":"$1.74 / oz","purchaseUnit":"4 oz"},{"mainCategory":"Health & Home","categoryName":"Bath & Body","subCategoryName":"Deodorant","title":"Rose Pomegranate Botanical Deodorant","producer":"Andalou Naturals","photoPath":"https://goodeggs4.imgix.net/2cdeb11a-d450-4fea-97f8-12bd7ea041fa.jpeg?w=380&h=238&fm=jpg&auto=compress&fit=crop","price":"9.99","pricePer":"$3.76 / oz","purchaseUnit":"2.65 oz"},{"mainCategory":"Health & Home","categoryName":"Bath & Body","subCategoryName":"Deodorant","title":"Lavender Thyme Botanical Deodorant","producer":"Andalou Naturals","photoPath":"https://goodeggs4.imgix.net/a2cf78b2-1e7c-4f22-a071-3972984c1782.jpeg?w=380&h=238&fm=jpg&auto=compress&fit=crop","price":"9.99","pricePer":"$3.76 / oz","purchaseUnit":"2.65 oz"},{"mainCategory":"Health & Home","categoryName":"Bath & Body","subCategoryName":"Deodorant","title":"Organic Lavender Deodorant Spray","producer":"EO/Everyone","photoPath":"https://goodeggs4.imgix.net/1e522405-a82f-45bd-808b-61c3fa53f576.jpeg?w=380&h=238&fm=jpg&auto=compress&fit=crop","price":"6.99","pricePer":"$1.74 / oz","purchaseUnit":"4 oz"},{"mainCategory":"Health & Home","categoryName":"Bath & Body","subCategoryName":"Hair Care","title":"Full Volume Lavender and Biotin Shampoo","producer":"Andalou Naturals","photoPath":"https://goodeggs4.imgix.net/9f1a1dfb-5b08-4135-b098-4a609b027ae2.jpg?w=380&h=238&fm=jpg&auto=compress&fit=crop","price":"9.99","pricePer":"$0.86 / oz","purchaseUnit":"11.5 oz"},{"mainCategory":"Health & Home","categoryName":"Bath & Body","subCategoryName":"Hair Care","title":"Moisture Rich Argan Oil & Shea Conditioner","producer":"Andalou Naturals","photoPath":"https://goodeggs4.imgix.net/ec560bf5-a585-4dec-be0c-a794a174148e.jpeg?w=380&h=238&fm=jpg&auto=compress&fit=crop","price":"18.99","pricePer":"$0.59 / oz","purchaseUnit":"32 oz"},{"mainCategory":"Health & Home","categoryName":"Bath & Body","subCategoryName":"Hair Care","title":"Moisture Rich Argan Oil & Shea Shampoo","producer":"Andalou Naturals","photoPath":"https://goodeggs4.imgix.net/2722ba36-9b17-48ba-a01d-307d53c0a110.jpeg?w=380&h=238&fm=jpg&auto=compress&fit=crop","price":"18.99","pricePer":"$0.59 / oz","purchaseUnit":"32 oz"},{"mainCategory":"Health & Home","categoryName":"Bath & Body","subCategoryName":"Hair Care","title":"Moisture Rich Argan Oil & Shea Conditioner","producer":"Andalou Naturals","photoPath":"https://goodeggs4.imgix.net/f02d6c98-df65-4ce2-9da6-958d4da6eee6.jpg?w=380&h=238&fm=jpg&auto=compress&fit=crop","price":"9.99","pricePer":"$0.86 / oz","purchaseUnit":"11.5 oz"},{"mainCategory":"Health & Home","categoryName":"Bath & Body","subCategoryName":"Hair Care","title":"Age Defying Argan Oil Stem Cell Shampoo","producer":"Andalou Naturals","photoPath":"https://goodeggs4.imgix.net/b19ec03f-3253-4b69-a147-2b1ba3255839.jpeg?w=380&h=238&fm=jpg&auto=compress&fit=crop","price":"18.99","pricePer":"$0.59 / oz","purchaseUnit":"32 oz"},{"mainCategory":"Health & Home","categoryName":"Bath & Body","subCategoryName":"Hair Care","title":"Color Care 1000 Roses Complex Shampoo","producer":"Andalou Naturals","photoPath":"https://goodeggs4.imgix.net/e794a1be-e71f-4068-89cc-91a47fceddbd.jpg?w=380&h=238&fm=jpg&auto=compress&fit=crop","price":"9.99","pricePer":"$0.86 / oz","purchaseUnit":"11.5 oz"},{"mainCategory":"Health & Home","categoryName":"Bath & Body","subCategoryName":"Hair Care","title":"Moisture Rich Argan Oil & Shea Shampoo","producer":"Andalou Naturals","photoPath":"https://goodeggs4.imgix.net/8737f9aa-34de-4f7d-ab36-20042e003b6f.jpg?w=380&h=238&fm=jpg&auto=compress&fit=crop","price":"9.99","pricePer":"$0.86 / oz","purchaseUnit":"11.5 oz"},{"mainCategory":"Health & Home","categoryName":"Bath & Body","subCategoryName":"Hair Care","title":"Full Volume Lavender and Biotin Conditioner","producer":"Andalou Naturals","photoPath":"https://goodeggs4.imgix.net/3f02ff04-3d41-4433-a32b-a6ddff0d94c7.jpg?w=380&h=238&fm=jpg&auto=compress&fit=crop","price":"9.99","pricePer":"$0.86 / oz","purchaseUnit":"11.5 oz"},{"mainCategory":"Health & Home","categoryName":"Bath & Body","subCategoryName":"Hair Care","title":"Color Care 1000 Roses Complex Conditioner","producer":"Andalou Naturals","photoPath":"https://goodeggs4.imgix.net/9b83e0fa-960b-4336-a0ad-ecaa0eb1e1b3.jpg?w=380&h=238&fm=jpg&auto=compress&fit=crop","price":"9.99","pricePer":"$0.86 / oz","purchaseUnit":"11.5 oz"},{"mainCategory":"Health & Home","categoryName":"Bath & Body","subCategoryName":"Hand Sanitizer & Masks","title":"Ruby Grapefruit Hand Sanitizer Spray","producer":"EO/Everyone","photoPath":"https://goodeggs4.imgix.net/10c3ad22-b0da-4e04-a816-1c147b4a7ffa.jpeg?w=380&h=238&fm=jpg&auto=compress&fit=crop","price":"6.99","pricePer":"$0.87 / oz","purchaseUnit":"8 oz"},{"mainCategory":"Health & Home","categoryName":"Bath & Body","subCategoryName":"Hand Sanitizer & Masks","title":"Coconut Lemon Hand Sanitizer Spray","producer":"EO/Everyone","photoPath":"https://goodeggs4.imgix.net/34961047-0401-4fce-87b4-2acaeda0ef54.jpeg?w=380&h=238&fm=jpg&auto=compress&fit=crop","price":"6.99","pricePer":"$0.87 / oz","purchaseUnit":"8 oz"},{"mainCategory":"Health & Home","categoryName":"Bath & Body","subCategoryName":"Hand Sanitizer & Masks","title":"Cotton Face Mask - Merlot","producer":"Aplat","photoPath":"https://goodeggs4.imgix.net/0543bb16-6dad-41e1-9546-c6844bcf6369.jpg?w=380&h=238&fm=jpg&auto=compress&fit=crop","price":"23.99","pricePer":null,"purchaseUnit":"1 count"},{"mainCategory":"Health & Home","categoryName":"Bath & Body","subCategoryName":"Hand Sanitizer & Masks","title":"Cotton Face Mask - Blackberry","producer":"Aplat","photoPath":"https://goodeggs4.imgix.net/ae1980d9-79eb-4785-9b1c-fdec246d2790.jpg?w=380&h=238&fm=jpg&auto=compress&fit=crop","price":"23.99","pricePer":null,"purchaseUnit":"1 count"},{"mainCategory":"Health & Home","categoryName":"Bath & Body","subCategoryName":"Lotions & Moisturizers","title":"1000 Roses Soothing Body Lotion","producer":"Andalou Naturals","photoPath":"https://goodeggs4.imgix.net/bfcd2c9e-02ba-4457-a297-0262997f5eb7.jpeg?w=380&h=238&fm=jpg&auto=compress&fit=crop","price":"9.99","pricePer":"$1.24 / oz","purchaseUnit":"8 oz"},{"mainCategory":"Health & Home","categoryName":"Bath & Body","subCategoryName":"Lotions & Moisturizers","title":"Unscented Lotion","producer":"EO/Everyone","photoPath":"https://goodeggs4.imgix.net/1a305732-4e2a-4d0a-9009-701ed8d119c5.jpeg?w=380&h=238&fm=jpg&auto=compress&fit=crop","price":"11.99","pricePer":"$0.37 / oz","purchaseUnit":"32 oz"},{"mainCategory":"Health & Home","categoryName":"Bath & Body","subCategoryName":"Lotions & Moisturizers","title":"Lavender & Aloe Lotion","producer":"EO/Everyone","photoPath":"https://goodeggs4.imgix.net/55890894-f4dd-4e3b-b57d-7d06f31b9161.jpeg?w=380&h=238&fm=jpg&auto=compress&fit=crop","price":"11.99","pricePer":"$0.37 / oz","purchaseUnit":"32 oz"},{"mainCategory":"Health & Home","categoryName":"Bath & Body","subCategoryName":"Lotions & Moisturizers","title":"1000 Roses Soothing Body Lotion","producer":"Andalou Naturals","photoPath":"https://goodeggs4.imgix.net/7f345cda-ac90-4d2e-b0f8-63cc00f3118c.jpeg?w=380&h=238&fm=jpg&auto=compress&fit=crop","price":"18.99","pricePer":"$0.59 / oz","purchaseUnit":"32 oz"},{"mainCategory":"Health & Home","categoryName":"Bath & Body","subCategoryName":"Lotions & Moisturizers","title":"Coconut & Lemon Lotion","producer":"EO/Everyone","photoPath":"https://goodeggs4.imgix.net/96c98ca6-49a2-403f-b445-f17ed4184bfe.jpeg?w=380&h=238&fm=jpg&auto=compress&fit=crop","price":"11.99","pricePer":"$0.37 / oz","purchaseUnit":"32 oz"},{"mainCategory":"Health & Home","categoryName":"Bath & Body","subCategoryName":"Lotions & Moisturizers","title":"Lavender Thyme Refreshing Body Lotion","producer":"Andalou Naturals","photoPath":"https://goodeggs4.imgix.net/79261975-9499-4c72-9315-bac173faceae.jpeg?w=380&h=238&fm=jpg&auto=compress&fit=crop","price":"18.99","pricePer":"$0.59 / oz","purchaseUnit":"32 oz"},{"mainCategory":"Health & Home","categoryName":"Bath & Body","subCategoryName":"Lotions & Moisturizers","title":"Citrus Sunflower Uplifting Body Lotion","producer":"Andalou Naturals","photoPath":"https://goodeggs4.imgix.net/0bd8a37e-642a-4398-af4d-72ad42edac27.jpeg?w=380&h=238&fm=jpg&auto=compress&fit=crop","price":"9.99","pricePer":"$1.24 / oz","purchaseUnit":"8 oz"},{"mainCategory":"Health & Home","categoryName":"Vitamins & Supplements","subCategoryName":"Sleep & Stress","title":"Melatonin Gummies","producer":"Nordic Naturals Inc.","photoPath":"https://goodeggs4.imgix.net/3fb5881b-9d43-4c06-8337-10fae7288a37.jpg?w=380&h=238&fm=jpg&auto=compress&fit=crop","price":"19.99","pricePer":null,"purchaseUnit":"60 count"},{"mainCategory":"Health & Home","categoryName":"Vitamins & Supplements","subCategoryName":"Sleep & Stress","title":"You're a Knockout Sleep & Stress","producer":"Ora Organic","photoPath":"https://goodeggs4.imgix.net/cbd74692-f593-404a-9053-978a7e94f75f.jpg?w=380&h=238&fm=jpg&auto=compress&fit=crop","price":"34.99","pricePer":null,"purchaseUnit":"60 count"},{"mainCategory":"Health & Home","categoryName":"Vitamins & Supplements","subCategoryName":"Gummies","title":"Wild Berries Vitamin D3 Gummies","producer":"Nordic Naturals Inc.","photoPath":"https://goodeggs4.imgix.net/5c91b6a8-ceaf-4576-8949-1b2136b0956f.jpg?w=380&h=238&fm=jpg&auto=compress&fit=crop","price":"13.49","pricePer":null,"purchaseUnit":"60 count"},{"mainCategory":"Health & Home","categoryName":"Vitamins & Supplements","subCategoryName":"Gummies","title":"Vitamin D3 Gummies for Kids","producer":"Nordic Naturals Inc.","photoPath":"https://goodeggs4.imgix.net/dbfcc6eb-1c44-4b79-b6c1-ada0ddccfb93.jpg?w=380&h=238&fm=jpg&auto=compress&fit=crop","price":"12.49","pricePer":null,"purchaseUnit":"60 count"},{"mainCategory":"Health & Home","categoryName":"Vitamins & Supplements","subCategoryName":"Gummies","title":"Melatonin Gummies","producer":"Nordic Naturals Inc.","photoPath":"https://goodeggs4.imgix.net/3fb5881b-9d43-4c06-8337-10fae7288a37.jpg?w=380&h=238&fm=jpg&auto=compress&fit=crop","price":"19.99","pricePer":null,"purchaseUnit":"60 count"},{"mainCategory":"Health & Home","categoryName":"Vitamins & Supplements","subCategoryName":"Gummies","title":"Children's DHA Gummies","producer":"Nordic Naturals Inc.","photoPath":"https://goodeggs4.imgix.net/b1fcb79a-ed4b-4ea9-b5e9-e3369b5bc896.jpg?w=380&h=238&fm=jpg&auto=compress&fit=crop","price":"21.99","pricePer":null,"purchaseUnit":"30 count"},{"mainCategory":"Health & Home","categoryName":"Vitamins & Supplements","subCategoryName":"Gummies","title":"Citrus Nordic Berries Multivitamins","producer":"Nordic Naturals Inc.","photoPath":"https://goodeggs4.imgix.net/822b7778-2a84-4c6a-9d84-884c76fa6875.jpg?w=380&h=238&fm=jpg&auto=compress&fit=crop","price":"25.99","pricePer":null,"purchaseUnit":"120 count"},{"mainCategory":"Health & Home","categoryName":"Vitamins & Supplements","subCategoryName":"Gummies","title":"Vitamin C Gummies","producer":"Nordic Naturals Inc.","photoPath":"https://goodeggs4.imgix.net/c46679f5-bd1d-4a30-9cc1-bc96a57beaee.jpg?w=380&h=238&fm=jpg&auto=compress&fit=crop","price":"13.49","pricePer":null,"purchaseUnit":"60 count"},{"mainCategory":"Health & Home","categoryName":"Vitamins & Supplements","subCategoryName":"Gummies","title":"Nordic Probiotic Gummies for Kids","producer":"Nordic Naturals Inc.","photoPath":"https://goodeggs4.imgix.net/0d248028-a357-492c-a594-9ee80bfbbc97.jpg?w=380&h=238&fm=jpg&auto=compress&fit=crop","price":"19.99","pricePer":null,"purchaseUnit":"60 count"},{"mainCategory":"Health & Home","categoryName":"Vitamins & Supplements","subCategoryName":"Gummies","title":"Manuka Honey Citrus Immunity Gummies","producer":"Wedderspoon","photoPath":"https://goodeggs4.imgix.net/c4d94b88-1b0f-43ea-9d54-0623db412bbf.jpg?w=380&h=238&fm=jpg&auto=compress&fit=crop","price":"19.99","pricePer":"$2.27 / oz","purchaseUnit":"90 count"},{"mainCategory":"Health & Home","categoryName":"Vitamins & Supplements","subCategoryName":"Gummies","title":"Manuka Honey Berry Immunity Gummies","producer":"Wedderspoon","photoPath":"https://goodeggs4.imgix.net/3b1e98ff-52dd-4181-b209-87d9dc62ec92.jpg?w=380&h=238&fm=jpg&auto=compress&fit=crop","price":"19.99","pricePer":"$2.27 / oz","purchaseUnit":"90 count"},{"mainCategory":"Health & Home","categoryName":"Vitamins & Supplements","subCategoryName":"Omegas & Fish Oil","title":"Children's DHA Gummies","producer":"Nordic Naturals Inc.","photoPath":"https://goodeggs4.imgix.net/b1fcb79a-ed4b-4ea9-b5e9-e3369b5bc896.jpg?w=380&h=238&fm=jpg&auto=compress&fit=crop","price":"21.99","pricePer":null,"purchaseUnit":"30 count"},{"mainCategory":"Health & Home","categoryName":"Vitamins & Supplements","subCategoryName":"Omegas & Fish Oil","title":"Ultimate Omega","producer":"Nordic Naturals Inc.","photoPath":"https://goodeggs4.imgix.net/136bf26c-c057-41d6-a9e8-e06ee008a59a.jpg?w=380&h=238&fm=jpg&auto=compress&fit=crop","price":"27.99","pricePer":null,"purchaseUnit":"60 count"},{"mainCategory":"Health & Home","categoryName":"Vitamins & Supplements","subCategoryName":"Omegas & Fish Oil","title":"Arctic Cod Liver Oil Soft Gels","producer":"Nordic Naturals Inc.","photoPath":"https://goodeggs4.imgix.net/64fdd988-3dcd-42c6-8bb2-e6cff7072d42.jpg?w=380&h=238&fm=jpg&auto=compress&fit=crop","price":"22.99","pricePer":null,"purchaseUnit":"90 count"},{"mainCategory":"Health & Home","categoryName":"Vitamins & Supplements","subCategoryName":"Omegas & Fish Oil","title":"Omega Joint","producer":"Nordic Naturals Inc.","photoPath":"https://goodeggs4.imgix.net/643751d9-41e1-46f0-bcb6-d4d3e53f4d16.jpg?w=380&h=238&fm=jpg&auto=compress&fit=crop","price":"53.99","pricePer":null,"purchaseUnit":"90 count"},{"mainCategory":"Health & Home","categoryName":"Vitamins & Supplements","subCategoryName":"Multivitamins","title":"Citrus Nordic Berries Multivitamins","producer":"Nordic Naturals Inc.","photoPath":"https://goodeggs4.imgix.net/822b7778-2a84-4c6a-9d84-884c76fa6875.jpg?w=380&h=238&fm=jpg&auto=compress&fit=crop","price":"25.99","pricePer":null,"purchaseUnit":"120 count"},{"mainCategory":"Health & Home","categoryName":"Vitamins & Supplements","subCategoryName":"Multivitamins","title":"Hair Skin & Nails Support Supplement","producer":"Ora Organic","photoPath":"https://goodeggs4.imgix.net/6acc7e3d-a12e-4f67-aca7-e089c37be553.jpg?w=380&h=238&fm=jpg&auto=compress&fit=crop","price":"34.99","pricePer":null,"purchaseUnit":"60 count"},{"mainCategory":"Health & Home","categoryName":"Vitamins & Supplements","subCategoryName":"Letter Vitamins","title":"Wild Berries Vitamin D3 Gummies","producer":"Nordic Naturals Inc.","photoPath":"https://goodeggs4.imgix.net/5c91b6a8-ceaf-4576-8949-1b2136b0956f.jpg?w=380&h=238&fm=jpg&auto=compress&fit=crop","price":"13.49","pricePer":null,"purchaseUnit":"60 count"},{"mainCategory":"Health & Home","categoryName":"Vitamins & Supplements","subCategoryName":"Letter Vitamins","title":"Vitamin D3 Gummies for Kids","producer":"Nordic Naturals Inc.","photoPath":"https://goodeggs4.imgix.net/dbfcc6eb-1c44-4b79-b6c1-ada0ddccfb93.jpg?w=380&h=238&fm=jpg&auto=compress&fit=crop","price":"12.49","pricePer":null,"purchaseUnit":"60 count"},{"mainCategory":"Health & Home","categoryName":"Vitamins & Supplements","subCategoryName":"Letter Vitamins","title":"Sol Food - Vitamin D Tablets","producer":"Ora Organic","photoPath":"https://goodeggs4.imgix.net/1158f7e9-ed4c-4d35-8e4c-eaefb04bf384.jpg?w=380&h=238&fm=jpg&auto=compress&fit=crop","price":"16.99","pricePer":null,"purchaseUnit":"30 count"},{"mainCategory":"Health & Home","categoryName":"Vitamins & Supplements","subCategoryName":"Letter Vitamins","title":"Vitamin C Gummies","producer":"Nordic Naturals Inc.","photoPath":"https://goodeggs4.imgix.net/c46679f5-bd1d-4a30-9cc1-bc96a57beaee.jpg?w=380&h=238&fm=jpg&auto=compress&fit=crop","price":"13.49","pricePer":null,"purchaseUnit":"60 count"},{"mainCategory":"Health & Home","categoryName":"Vitamins & Supplements","subCategoryName":"Probiotics & Digestion","title":"Organic Original Digestive Bitters Dropper","producer":"Urban Moonshine","photoPath":"https://goodeggs4.imgix.net/5833a00f-48f8-4702-b57d-02b8561d3df4.jpg?w=380&h=238&fm=jpg&auto=compress&fit=crop","price":"14.99","pricePer":null,"purchaseUnit":"2 oz"},{"mainCategory":"Health & Home","categoryName":"Vitamins & Supplements","subCategoryName":"Probiotics & Digestion","title":"Organic Citrus Digestive Bitters Dropper","producer":"Urban Moonshine","photoPath":"https://goodeggs4.imgix.net/9edbef12-b2b9-4ea3-a851-62f93afc84a6.jpg?w=380&h=238&fm=jpg&auto=compress&fit=crop","price":"14.99","pricePer":null,"purchaseUnit":"2 oz"},{"mainCategory":"Health & Home","categoryName":"Vitamins & Supplements","subCategoryName":"Probiotics & Digestion","title":"Nordic Probiotic Gummies for Kids","producer":"Nordic Naturals Inc.","photoPath":"https://goodeggs4.imgix.net/0d248028-a357-492c-a594-9ee80bfbbc97.jpg?w=380&h=238&fm=jpg&auto=compress&fit=crop","price":"19.99","pricePer":null,"purchaseUnit":"60 count"},{"mainCategory":"Health & Home","categoryName":"Vitamins & Supplements","subCategoryName":"Probiotics & Digestion","title":"Organic Probiotics with Prebiotic Powder Apple Raspberry","producer":"Ora Organic","photoPath":"https://goodeggs4.imgix.net/ffdc1202-3796-42c4-8eac-5144b3394646.jpg?w=380&h=238&fm=jpg&auto=compress&fit=crop","price":"34.99","pricePer":null,"purchaseUnit":"7.9 oz"},{"mainCategory":"Health & Home","categoryName":"Vitamins & Supplements","subCategoryName":"Probiotics & Digestion","title":"Plant Based Digestive Enzymes Powder","producer":"Ora Organic","photoPath":"https://goodeggs4.imgix.net/7e9cc082-f164-4925-a27a-7bd9ecab8361.jpg?w=380&h=238&fm=jpg&auto=compress&fit=crop","price":"34.99","pricePer":"$4.72 / oz","purchaseUnit":"7.41 oz"},{"mainCategory":"Health & Home","categoryName":"Vitamins & Supplements","subCategoryName":"Probiotics & Digestion","title":"Vegan Probiotics with Prebiotics Capsules","producer":"Ora Organic","photoPath":"https://goodeggs4.imgix.net/94777345-f7ba-4fea-8fb0-32b37842f0b2.jpg?w=380&h=238&fm=jpg&auto=compress&fit=crop","price":"34.99","pricePer":"$1.16 / serving","purchaseUnit":"60 count"},{"mainCategory":"Health & Home","categoryName":"Vitamins & Supplements","subCategoryName":"Probiotics & Digestion","title":"Manuka Honey Berry Immunity Gummies","producer":"Wedderspoon","photoPath":"https://goodeggs4.imgix.net/3b1e98ff-52dd-4181-b209-87d9dc62ec92.jpg?w=380&h=238&fm=jpg&auto=compress&fit=crop","price":"19.99","pricePer":"$2.27 / oz","purchaseUnit":"90 count"},{"mainCategory":"Health & Home","categoryName":"Vitamins & Supplements","subCategoryName":"Herbs & Homeopathy","title":"Turmeric Curcumin Tablets","producer":"Ora Organic","photoPath":"https://goodeggs4.imgix.net/1d3d3ae7-1ce5-49b5-8c86-3dc8c8234a54.jpg?w=380&h=238&fm=jpg&auto=compress&fit=crop","price":"22.99","pricePer":null,"purchaseUnit":"90 count"},{"mainCategory":"Health & Home","categoryName":"Vitamins & Supplements","subCategoryName":"Herbs & Homeopathy","title":"Turmeric Herbal Supplement","producer":"Organic India","photoPath":"https://goodeggs4.imgix.net/869037f8-c3f0-4e3b-b4ed-1fa0a9b9c9e0.jpg?w=380&h=238&fm=jpg&auto=compress&fit=crop","price":"27.99","pricePer":null,"purchaseUnit":"90 count"},{"mainCategory":"Health & Home","categoryName":"Vitamins & Supplements","subCategoryName":"Herbs & Homeopathy","title":"Ashwagandha Herbal Supplement","producer":"Organic India","photoPath":"https://goodeggs4.imgix.net/80d5295b-f26c-4091-b8e0-e3f45e9bde10.jpg?w=380&h=238&fm=jpg&auto=compress&fit=crop","price":"22.99","pricePer":null,"purchaseUnit":"90 count"},{"mainCategory":"Health & Home","categoryName":"Vitamins & Supplements","subCategoryName":"Herbs & Homeopathy","title":"Triphala Herbal Supplement","producer":"Organic India","photoPath":"https://goodeggs4.imgix.net/bddcec80-7c83-4d97-8180-167f254848f6.jpg?w=380&h=238&fm=jpg&auto=compress&fit=crop","price":"22.99","pricePer":null,"purchaseUnit":"90 count"},{"mainCategory":"Health & Home","categoryName":"Vitamins & Supplements","subCategoryName":"Herbs & Homeopathy","title":"Cinnamon Herbal Supplement","producer":"Organic India","photoPath":"https://goodeggs4.imgix.net/c1ad5867-ec5c-4ba2-be15-4bea3cde61e9.jpg?w=380&h=238&fm=jpg&auto=compress&fit=crop","price":"22.99","pricePer":null,"purchaseUnit":"90 count"},{"mainCategory":"Health & Home","categoryName":"Vitamins & Supplements","subCategoryName":"Herbs & Homeopathy","title":"Liver Kidney Herbal Supplement","producer":"Organic India","photoPath":"https://goodeggs4.imgix.net/ed23bf4d-e990-4057-9f0a-29f9550fc577.jpg?w=380&h=238&fm=jpg&auto=compress&fit=crop","price":"22.99","pricePer":null,"purchaseUnit":"90 count"},{"mainCategory":"Health & Home","categoryName":"Vitamins & Supplements","subCategoryName":"Prenatal & Postnatal","title":"Prenatal DHA","producer":"Nordic Naturals Inc.","photoPath":"https://goodeggs4.imgix.net/c4433048-50c2-47e6-a280-248e1384f0f7.jpg?w=380&h=238&fm=jpg&auto=compress&fit=crop","price":"28.99","pricePer":null,"purchaseUnit":"90 count"},{"mainCategory":"Health & Home","categoryName":"Vitamins & Supplements","subCategoryName":"Tinctures & Extracts","title":"Organic Original Digestive Bitters Dropper","producer":"Urban Moonshine","photoPath":"https://goodeggs4.imgix.net/5833a00f-48f8-4702-b57d-02b8561d3df4.jpg?w=380&h=238&fm=jpg&auto=compress&fit=crop","price":"14.99","pricePer":null,"purchaseUnit":"2 oz"},{"mainCategory":"Health & Home","categoryName":"Vitamins & Supplements","subCategoryName":"Tinctures & Extracts","title":"Organic Citrus Digestive Bitters Dropper","producer":"Urban Moonshine","photoPath":"https://goodeggs4.imgix.net/9edbef12-b2b9-4ea3-a851-62f93afc84a6.jpg?w=380&h=238&fm=jpg&auto=compress&fit=crop","price":"14.99","pricePer":null,"purchaseUnit":"2 oz"},{"mainCategory":"Health & Home","categoryName":"Vitamins & Supplements","subCategoryName":"Tinctures & Extracts","title":"Throat Spray","producer":"Urban Moonshine","photoPath":"https://goodeggs4.imgix.net/42fbfa78-eb86-4c8e-9004-3e71c5392f90.jpg?w=380&h=238&fm=jpg&auto=compress&fit=crop","price":"9.99","pricePer":null,"purchaseUnit":"1 oz"},{"mainCategory":"Health & Home","categoryName":"Vitamins & Supplements","subCategoryName":"Tinctures & Extracts","title":"Organic Clear Chest Syrup","producer":"Urban Moonshine","photoPath":"https://goodeggs4.imgix.net/9771fe8c-26da-49b5-b19a-c750324f6b3d.jpg?w=380&h=238&fm=jpg&auto=compress&fit=crop","price":"20.99","pricePer":"$2.49 / oz","purchaseUnit":"8.4 oz"},{"mainCategory":"Health & Home","categoryName":"Vitamins & Supplements","subCategoryName":"Tinctures & Extracts","title":"Organic Immune Zoom","producer":"Urban Moonshine","photoPath":"https://goodeggs4.imgix.net/e3bda820-c472-4664-95ae-3875f3599cac.jpg?w=380&h=238&fm=jpg&auto=compress&fit=crop","price":"41.99","pricePer":"$4.99 / oz","purchaseUnit":"8.4 oz"},{"mainCategory":"Health & Home","categoryName":"Vitamins & Supplements","subCategoryName":"Immunity","title":"Manuka Honey Citrus Immunity Gummies","producer":"Wedderspoon","photoPath":"https://goodeggs4.imgix.net/c4d94b88-1b0f-43ea-9d54-0623db412bbf.jpg?w=380&h=238&fm=jpg&auto=compress&fit=crop","price":"19.99","pricePer":"$2.27 / oz","purchaseUnit":"90 count"},{"mainCategory":"Health & Home","categoryName":"Vitamins & Supplements","subCategoryName":"Immunity","title":"Manuka Honey Berry Immunity Gummies","producer":"Wedderspoon","photoPath":"https://goodeggs4.imgix.net/3b1e98ff-52dd-4181-b209-87d9dc62ec92.jpg?w=380&h=238&fm=jpg&auto=compress&fit=crop","price":"19.99","pricePer":"$2.27 / oz","purchaseUnit":"90 count"},{"mainCategory":"Health & Home","categoryName":"Vitamins & Supplements","subCategoryName":"Immunity","title":"Nordic Immune Daily Defense","producer":"Nordic Naturals Inc.","photoPath":"https://goodeggs4.imgix.net/a81ea289-f1ac-4599-91a4-59f13934f212.jpg?w=380&h=238&fm=jpg&auto=compress&fit=crop","price":"34.99","pricePer":null,"purchaseUnit":"90 count"},{"mainCategory":"Health & Home","categoryName":"Vitamins & Supplements","subCategoryName":"Immunity","title":"Organic Immune Zoom","producer":"Urban Moonshine","photoPath":"https://goodeggs4.imgix.net/e3bda820-c472-4664-95ae-3875f3599cac.jpg?w=380&h=238&fm=jpg&auto=compress&fit=crop","price":"41.99","pricePer":"$4.99 / oz","purchaseUnit":"8.4 oz"},{"mainCategory":"Health & Home","categoryName":"Homekeeping","subCategoryName":"","title":"Almond Firewood with Kindling","producer":"Lazzari","photoPath":"https://goodeggs4.imgix.net/2709747f-8837-4289-a382-cb516fa1a6ab.jpg?w=380&h=238&fm=jpg&auto=compress&fit=crop","price":"19.99","pricePer":"$0.74 / lb","purchaseUnit":"27 lb"},{"mainCategory":"Meat & Fish","categoryName":"Barbecue is Back","subCategoryName":"","title":"Grass-Fed Ground Beef 80/20","producer":"Stemple Creek Ranch","photoPath":"https://goodeggs4.imgix.net/95c3aa8b-6537-46ee-a697-3d27279c0ccb.jpg?w=380&h=238&fm=jpg&auto=compress&fit=crop","price":"10.99","pricePer":"$10.99 / lb","purchaseUnit":"1 lb"},{"mainCategory":"Meat & Fish","categoryName":"Barbecue is Back","subCategoryName":"","title":"Brioche Hamburger Buns","producer":"La Boulangerie de San Francisco","photoPath":"https://goodeggs4.imgix.net/00496f99-812a-40a1-88b5-06229bac7f49.jpg?w=380&h=238&fm=jpg&auto=compress&fit=crop","price":"3.99","pricePer":"$0.42 / oz","purchaseUnit":"4 count"},{"mainCategory":"Meat & Fish","categoryName":"Barbecue is Back","subCategoryName":"","title":"Peeled & Deveined Large Wild Gulf Shrimp (Frozen)","producer":"Ports Seafood","photoPath":"https://goodeggs4.imgix.net/e081d0dd-6fc9-433c-ad19-b50eddb196cb.jpg?w=380&h=238&fm=jpg&auto=compress&fit=crop","price":"16.99","pricePer":"$16.99 / lb","purchaseUnit":"1 lb"},{"mainCategory":"Meat & Fish","categoryName":"Barbecue is Back","subCategoryName":"","title":"Soft Pretzel Sausage Buns","producer":"Pretzilla","photoPath":"https://goodeggs4.imgix.net/dcafded5-1519-49c1-9053-7a59aa89a60e.jpg?w=380&h=238&fm=jpg&auto=compress&fit=crop","price":"4.99","pricePer":"$0.48 / oz","purchaseUnit":"4 count"},{"mainCategory":"Meat & Fish","categoryName":"Barbecue is Back","subCategoryName":"","title":"Grass-Fed Beef Burger Patties 3-Pack (Frozen)","producer":"Stemple Creek Ranch","photoPath":"https://goodeggs4.imgix.net/5cb9b499-b5e2-4f20-91d6-e9991f0d5f71.jpg?w=380&h=238&fm=jpg&auto=compress&fit=crop","price":"12.99","pricePer":"$12.99 / lb","purchaseUnit":"1 lb"},{"mainCategory":"Meat & Fish","categoryName":"Barbecue is Back","subCategoryName":"","title":"Grass-Fed Lamb Merguez (Frozen)","producer":"Fabrique Délices","photoPath":"https://goodeggs4.imgix.net/133e30e4-8622-49ca-a2aa-074be7ea9ba9.jpg?w=380&h=238&fm=jpg&auto=compress&fit=crop","price":"10.99","pricePer":"$0.91 / oz","purchaseUnit":"12 oz"},{"mainCategory":"Meat & Fish","categoryName":"Barbecue is Back","subCategoryName":"","title":"BBQ Marinated Chicken Drumsticks","producer":"Healthy Food Inc. Kitchen","photoPath":"https://goodeggs4.imgix.net/afe1cef4-cdfa-44a3-9e21-e23cfa4f4283.jpg?w=380&h=238&fm=jpg&auto=compress&fit=crop","price":"12.99","pricePer":null,"purchaseUnit":"30 oz"},{"mainCategory":"Meat & Fish","categoryName":"Barbecue is Back","subCategoryName":"","title":"Iberico Pork Bone-In Loin Chop (Frozen)","producer":"Encina Farm","photoPath":"https://goodeggs4.imgix.net/c023af0d-0c22-497f-a694-ee1a0154fbe7.jpg?w=380&h=238&fm=jpg&auto=compress&fit=crop","price":"29.99","pricePer":"$29.99 / lb","purchaseUnit":"1 lb"},{"mainCategory":"Meat & Fish","categoryName":"Barbecue is Back","subCategoryName":"","title":"Chimichurri Beef Kebab","producer":"Healthy Food Inc. Kitchen","photoPath":"https://goodeggs4.imgix.net/0c995a89-232d-4f87-8923-b236671590e6.jpg?w=380&h=238&fm=jpg&auto=compress&fit=crop","price":"12.99","pricePer":"$0.81 / oz","purchaseUnit":"16 oz"},{"mainCategory":"Meat & Fish","categoryName":"Barbecue is Back","subCategoryName":"","title":"BBQ Marinated Chicken Pieces","producer":"Healthy Food Inc. Kitchen","photoPath":"https://goodeggs4.imgix.net/1ee49763-ad84-4b8c-b4e7-aed7c2b417a6.jpg?w=380&h=238&fm=jpg&auto=compress&fit=crop","price":"11.99","pricePer":"$5.99 / lb","purchaseUnit":"2 lb"},{"mainCategory":"Meat & Fish","categoryName":"Healthy Food Inc. Kitchen","subCategoryName":"Pork","title":"Slow Roasted Pork Shoulder","producer":"Healthy Food Inc. Kitchen","photoPath":"https://goodeggs4.imgix.net/207f6389-4e96-40f4-bcb7-085294aa9b49.jpg?w=380&h=238&fm=jpg&auto=compress&fit=crop","price":"9.99","pricePer":"$13.32 / lb","purchaseUnit":"0.75 lb"},{"mainCategory":"Meat & Fish","categoryName":"Healthy Food Inc. Kitchen","subCategoryName":"Pork","title":"Honey Mustard Glazed Pork Loin","producer":"Healthy Food Inc. Kitchen","photoPath":"https://goodeggs4.imgix.net/f1a115a6-b4d2-471f-a3dd-0700782a3126.jpg?w=380&h=238&fm=jpg&auto=compress&fit=crop","price":"17.99","pricePer":"$23.98 / lb","purchaseUnit":"12 oz"},{"mainCategory":"Meat & Fish","categoryName":"Healthy Food Inc. Kitchen","subCategoryName":"Pork","title":"Pulled Pork","producer":"Healthy Food Inc. Kitchen","photoPath":"https://goodeggs4.imgix.net/a5be74b2-7a4a-42b1-af77-03d2292d1da5.jpg?w=380&h=238&fm=jpg&auto=compress&fit=crop","price":"11.99","pricePer":"$11.99 / lb","purchaseUnit":"16 oz"},{"mainCategory":"Meat & Fish","categoryName":"Healthy Food Inc. Kitchen","subCategoryName":"Pork","title":"Thai Marinated Pork","producer":"Healthy Food Inc. Kitchen","photoPath":"https://goodeggs4.imgix.net/c47dfce2-f438-49e1-acd1-ff01ea42f763.jpg?w=380&h=238&fm=jpg&auto=compress&fit=crop","price":"14.99","pricePer":"$0.93 / oz","purchaseUnit":"16 oz"},{"mainCategory":"Meat & Fish","categoryName":"Healthy Food Inc. Kitchen","subCategoryName":"Pork","title":"Lime Cilantro Pork Shoulder Steak","producer":"Healthy Food Inc. Kitchen","photoPath":"https://goodeggs4.imgix.net/e202af0d-6d4f-4c04-8933-2c7756f17caa.jpg?w=380&h=238&fm=jpg&auto=compress&fit=crop","price":"17.99","pricePer":"$0.56 / oz","purchaseUnit":"32 oz"},{"mainCategory":"Meat & Fish","categoryName":"Healthy Food Inc. Kitchen","subCategoryName":"Pork","title":"Shio Koji Pork Loin Chops","producer":"Healthy Food Inc. Kitchen","photoPath":"https://goodeggs4.imgix.net/e456c70a-d36d-4aad-b012-8f1f58a74420.jpg?w=380&h=238&fm=jpg&auto=compress&fit=crop","price":"20.99","pricePer":"$15.26 / lb","purchaseUnit":"22 oz"},{"mainCategory":"Meat & Fish","categoryName":"Healthy Food Inc. Kitchen","subCategoryName":"Beef","title":"Slow Roasted Beef Brisket","producer":"Healthy Food Inc. Kitchen","photoPath":"https://goodeggs4.imgix.net/1c189af2-886e-46fa-ada6-5243761ad04a.jpg?w=380&h=238&fm=jpg&auto=compress&fit=crop","price":"16.99","pricePer":"$22.65 / lb","purchaseUnit":"12 oz"},{"mainCategory":"Meat & Fish","categoryName":"Healthy Food Inc. Kitchen","subCategoryName":"Beef","title":"Slow Roasted Beef","producer":"Healthy Food Inc. Kitchen","photoPath":"https://goodeggs4.imgix.net/1681f139-137f-46ec-ae6e-3e9c0777a069.jpg?w=380&h=238&fm=jpg&auto=compress&fit=crop","price":"14.99","pricePer":"$23.98 / lb","purchaseUnit":"10 oz"},{"mainCategory":"Meat & Fish","categoryName":"Healthy Food Inc. Kitchen","subCategoryName":"Beef","title":"Grass-Fed Beef & Bean Chili","producer":"Healthy Food Inc. Kitchen","photoPath":"https://goodeggs4.imgix.net/01a77722-d035-444a-bf98-bd205d7c08e5.jpg?w=380&h=238&fm=jpg&auto=compress&fit=crop","price":"8.99","pricePer":"$0.56 / oz","purchaseUnit":"16 oz"},{"mainCategory":"Meat & Fish","categoryName":"Healthy Food Inc. Kitchen","subCategoryName":"Beef","title":"Pork & Beef Ragu","producer":"Healthy Food Inc. Kitchen","photoPath":"https://goodeggs4.imgix.net/e388a51a-d43a-4717-bc4c-4e4ea56fa119.jpg?w=380&h=238&fm=jpg&auto=compress&fit=crop","price":"13.99","pricePer":"$11.19 / lb","purchaseUnit":"20 oz"},{"mainCategory":"Meat & Fish","categoryName":"Healthy Food Inc. Kitchen","subCategoryName":"Beef","title":"Pork & Beef Meatballs in Tomato Sauce","producer":"Healthy Food Inc. Kitchen","photoPath":"https://goodeggs4.imgix.net/a2fd8671-f082-48b8-b0cb-ddfae6a905cd.jpg?w=380&h=238&fm=jpg&auto=compress&fit=crop","price":"15.99","pricePer":"$15.99 / lb","purchaseUnit":"16 oz"},{"mainCategory":"Meat & Fish","categoryName":"Healthy Food Inc. Kitchen","subCategoryName":"Beef","title":"Deli Sliced Roast Beef","producer":"Healthy Food Inc. Kitchen","photoPath":"https://goodeggs4.imgix.net/c0453e25-49b9-4fda-aa17-1db10155fe0b.jpg?w=380&h=238&fm=jpg&auto=compress&fit=crop","price":"17.99","pricePer":"$23.98 / lb","purchaseUnit":"12 oz"},{"mainCategory":"Meat & Fish","categoryName":"Healthy Food Inc. Kitchen","subCategoryName":"Beef","title":"Herb Garlic Beef Kebab","producer":"Healthy Food Inc. Kitchen","photoPath":"https://goodeggs4.imgix.net/b5b160ac-8b72-4071-b280-e46a7d68dbc6.jpg?w=380&h=238&fm=jpg&auto=compress&fit=crop","price":"12.99","pricePer":"$0.81 / oz","purchaseUnit":"16 oz"},{"mainCategory":"Meat & Fish","categoryName":"Healthy Food Inc. Kitchen","subCategoryName":"Beef","title":"Korean BBQ Beef","producer":"Healthy Food Inc. Kitchen","photoPath":"https://goodeggs4.imgix.net/ad2573fc-fe2c-4177-98c5-b4ba94ecd05e.jpg?w=380&h=238&fm=jpg&auto=compress&fit=crop","price":"12.99","pricePer":"$0.81 / oz","purchaseUnit":"16 oz"},{"mainCategory":"Meat & Fish","categoryName":"Healthy Food Inc. Kitchen","subCategoryName":"Beef","title":"Turkish Marinated Beef Kebabs","producer":"Healthy Food Inc. Kitchen","photoPath":"https://goodeggs4.imgix.net/0387ebba-747e-4d75-99cd-bb8228fc4ff8.jpg?w=380&h=238&fm=jpg&auto=compress&fit=crop","price":"12.99","pricePer":"$12.99 / lb","purchaseUnit":"1 lb"},{"mainCategory":"Meat & Fish","categoryName":"Healthy Food Inc. Kitchen","subCategoryName":"Beef","title":"Chimichurri Beef Kebab","producer":"Healthy Food Inc. Kitchen","photoPath":"https://goodeggs4.imgix.net/0c995a89-232d-4f87-8923-b236671590e6.jpg?w=380&h=238&fm=jpg&auto=compress&fit=crop","price":"12.99","pricePer":"$0.81 / oz","purchaseUnit":"16 oz"},{"mainCategory":"Meat & Fish","categoryName":"Healthy Food Inc. Kitchen","subCategoryName":"Beef","title":"Sliced Salami Cotto","producer":"Healthy Food Inc. Kitchen","photoPath":"https://goodeggs4.imgix.net/18f5a6f2-031d-4967-9b80-d432bc3602b6.jpg?w=380&h=238&fm=jpg&auto=compress&fit=crop","price":"7.99","pricePer":"$15.98 / lb","purchaseUnit":"8 oz"},{"mainCategory":"Meat & Fish","categoryName":"Healthy Food Inc. Kitchen","subCategoryName":"Poultry","title":"Classic Roasted Chicken","producer":"Healthy Food Inc. Kitchen","photoPath":"https://goodeggs4.imgix.net/5428e638-f13a-442d-8a39-565c42e5fcd9.jpg?w=380&h=238&fm=jpg&auto=compress&fit=crop","price":"9.99","pricePer":"$4.34 / lb","purchaseUnit":"2.3 lb"},{"mainCategory":"Meat & Fish","categoryName":"Healthy Food Inc. Kitchen","subCategoryName":"Poultry","title":"Shredded Chicken","producer":"Healthy Food Inc. Kitchen","photoPath":"https://goodeggs4.imgix.net/1fa24d50-6535-4d8a-8da9-af634a4b06fd.jpg?w=380&h=238&fm=jpg&auto=compress&fit=crop","price":"7.99","pricePer":"$10.65 / lb","purchaseUnit":"12 oz"},{"mainCategory":"Meat & Fish","categoryName":"Healthy Food Inc. Kitchen","subCategoryName":"Poultry","title":"Fried Chicken Tenders","producer":"Healthy Food Inc. Kitchen","photoPath":"https://goodeggs4.imgix.net/9d160111-5802-4e22-88f2-1d2e6ece8073.jpg?w=380&h=238&fm=jpg&auto=compress&fit=crop","price":"12.99","pricePer":"$12.99 / lb","purchaseUnit":"16 oz"},{"mainCategory":"Meat & Fish","categoryName":"Healthy Food Inc. Kitchen","subCategoryName":"Poultry","title":"Roasted Salt & Pepper Bone-In Chicken Breast","producer":"Healthy Food Inc. Kitchen","photoPath":"https://goodeggs4.imgix.net/0f8d67f7-cb31-49b1-b6d1-4b0b6cef8864.jpg?w=380&h=238&fm=jpg&auto=compress&fit=crop","price":"9.99","pricePer":"$15.98 / lb","purchaseUnit":"0.625 lb"},{"mainCategory":"Meat & Fish","categoryName":"Healthy Food Inc. Kitchen","subCategoryName":"Poultry","title":"Ginger Chicken Meatballs with Teriyaki Sauce","producer":"Healthy Food Inc. Kitchen","photoPath":"https://goodeggs4.imgix.net/9562e62d-638f-4052-9615-df7d7594a00e.jpg?w=380&h=238&fm=jpg&auto=compress&fit=crop","price":"14.99","pricePer":"$19.98 / lb","purchaseUnit":"12 oz"},{"mainCategory":"Meat & Fish","categoryName":"Healthy Food Inc. Kitchen","subCategoryName":"Poultry","title":"Deli Sliced Fresh Roasted Turkey","producer":"Healthy Food Inc. Kitchen","photoPath":"https://goodeggs4.imgix.net/e0b0ad7d-f6b7-4df8-a4ab-9f2a1da80eff.jpg?w=380&h=238&fm=jpg&auto=compress&fit=crop","price":"9.99","pricePer":"$1.24 / oz","purchaseUnit":"8 oz"},{"mainCategory":"Meat & Fish","categoryName":"Healthy Food Inc. Kitchen","subCategoryName":"Poultry","title":"Marinated Korean BBQ Chicken Thighs","producer":"Healthy Food Inc. Kitchen","photoPath":"https://goodeggs4.imgix.net/3b77fda4-c130-4b20-9788-b61eb000fd6d.jpg?w=380&h=238&fm=jpg&auto=compress&fit=crop","price":"9.99","pricePer":"$9.99 / lb","purchaseUnit":"1 lb"},{"mainCategory":"Meat & Fish","categoryName":"Healthy Food Inc. Kitchen","subCategoryName":"Poultry","title":"Garlic-Herb Marinated Chicken Thighs","producer":"Healthy Food Inc. Kitchen","photoPath":"https://goodeggs4.imgix.net/f8d5eb04-d1ce-49a2-bc68-214f9dc0afe1.jpg?w=380&h=238&fm=jpg&auto=compress&fit=crop","price":"8.99","pricePer":"$10.27 / lb","purchaseUnit":"0.875 lb"},{"mainCategory":"Meat & Fish","categoryName":"Healthy Food Inc. Kitchen","subCategoryName":"Poultry","title":"Turkey Ricotta Meatballs","producer":"Healthy Food Inc. Kitchen","photoPath":"https://goodeggs4.imgix.net/9024015b-7ff6-4107-86cc-9ce66e3ad858.jpg?w=380&h=238&fm=jpg&auto=compress&fit=crop","price":"12.99","pricePer":"$17.32 / lb","purchaseUnit":"12 oz"},{"mainCategory":"Meat & Fish","categoryName":"Healthy Food Inc. Kitchen","subCategoryName":"Poultry","title":"Thick Cut Roasted Turkey","producer":"Healthy Food Inc. Kitchen","photoPath":"https://goodeggs4.imgix.net/a2634d56-3387-48c4-bd6f-d7bfe91a0e5c.jpg?w=380&h=238&fm=jpg&auto=compress&fit=crop","price":"16.99","pricePer":"$22.65 / lb","purchaseUnit":"12 oz"},{"mainCategory":"Meat & Fish","categoryName":"Healthy Food Inc. Kitchen","subCategoryName":"Poultry","title":"Achiote Marinated Chicken Breast","producer":"Healthy Food Inc. Kitchen","photoPath":"https://goodeggs4.imgix.net/01fa5aee-f311-435c-b27d-f5484448a43a.jpg?w=380&h=238&fm=jpg&auto=compress&fit=crop","price":"10.99","pricePer":"$10.99 / lb","purchaseUnit":"1 lb"},{"mainCategory":"Meat & Fish","categoryName":"Healthy Food Inc. Kitchen","subCategoryName":"Poultry","title":"Lemon Herb Marinated Chicken Breast","producer":"Healthy Food Inc. Kitchen","photoPath":"https://goodeggs4.imgix.net/da58a278-3603-486d-a518-980f925f2790.jpg?w=380&h=238&fm=jpg&auto=compress&fit=crop","price":"10.99","pricePer":"$10.99 / lb","purchaseUnit":"1 lb"},{"mainCategory":"Meat & Fish","categoryName":"Healthy Food Inc. Kitchen","subCategoryName":"Poultry","title":"Lemon & Turmeric Marinated Chicken Breast","producer":"Healthy Food Inc. Kitchen","photoPath":"https://goodeggs4.imgix.net/d7501b8b-5176-4029-a1ad-6baa4df9dc1e.jpg?w=380&h=238&fm=jpg&auto=compress&fit=crop","price":"10.99","pricePer":null,"purchaseUnit":"16 oz"},{"mainCategory":"Meat & Fish","categoryName":"Healthy Food Inc. Kitchen","subCategoryName":"Poultry","title":"BBQ Marinated Chicken Breast","producer":"Healthy Food Inc. Kitchen","photoPath":"https://goodeggs4.imgix.net/8d90714f-c879-411e-acc5-cea0b3100fd2.jpg?w=380&h=238&fm=jpg&auto=compress&fit=crop","price":"8.99","pricePer":"$11.98 / lb","purchaseUnit":"0.75 lb"},{"mainCategory":"Meat & Fish","categoryName":"Healthy Food Inc. Kitchen","subCategoryName":"Poultry","title":"Turmeric Yogurt Chicken Kebab (Frozen)","producer":"Healthy Food Inc. Kitchen","photoPath":"https://goodeggs4.imgix.net/406b5767-3f10-477a-bf70-ce16e0e63989.jpg?w=380&h=238&fm=jpg&auto=compress&fit=crop","price":"10.99","pricePer":"$0.91 / oz","purchaseUnit":"12 oz"},{"mainCategory":"Meat & Fish","categoryName":"Healthy Food Inc. Kitchen","subCategoryName":"Poultry","title":"Chimichurri Chicken Kebab (Frozen)","producer":"Healthy Food Inc. Kitchen","photoPath":"https://goodeggs4.imgix.net/0f6186aa-1948-4f10-ac8b-a2c5e8c6139e.jpg?w=380&h=238&fm=jpg&auto=compress&fit=crop","price":"10.99","pricePer":"$0.91 / oz","purchaseUnit":"12 oz"},{"mainCategory":"Meat & Fish","categoryName":"Healthy Food Inc. Kitchen","subCategoryName":"Poultry","title":"BBQ Marinated Chicken Drumsticks","producer":"Healthy Food Inc. Kitchen","photoPath":"https://goodeggs4.imgix.net/afe1cef4-cdfa-44a3-9e21-e23cfa4f4283.jpg?w=380&h=238&fm=jpg&auto=compress&fit=crop","price":"12.99","pricePer":null,"purchaseUnit":"30 oz"},{"mainCategory":"Meat & Fish","categoryName":"Healthy Food Inc. Kitchen","subCategoryName":"Poultry","title":"Jerk Chicken Drumsticks","producer":"Healthy Food Inc. Kitchen","photoPath":"https://goodeggs4.imgix.net/742c0dd3-bd93-4a5a-bbdd-3f2cc3b4f364.jpg?w=380&h=238&fm=jpg&auto=compress&fit=crop","price":"10.99","pricePer":"$5.49 / lb","purchaseUnit":"32 oz"},{"mainCategory":"Meat & Fish","categoryName":"Healthy Food Inc. Kitchen","subCategoryName":"Poultry","title":"BBQ Marinated Chicken Wings","producer":"Healthy Food Inc. Kitchen","photoPath":"https://goodeggs4.imgix.net/f8696a2f-d353-4faf-9a27-08ca139cf382.jpg?w=380&h=238&fm=jpg&auto=compress&fit=crop","price":"11.99","pricePer":"$5.99 / lb","purchaseUnit":"2 lb"},{"mainCategory":"Meat & Fish","categoryName":"Healthy Food Inc. Kitchen","subCategoryName":"Poultry","title":"Shio Koji Marinated Chicken Legs","producer":"Healthy Food Inc. Kitchen","photoPath":"https://goodeggs4.imgix.net/768e1086-a526-4e7c-9351-a2d4751ea3db.jpg?w=380&h=238&fm=jpg&auto=compress&fit=crop","price":"7.99","pricePer":"$7.99 / lb","purchaseUnit":"1 lb"},{"mainCategory":"Meat & Fish","categoryName":"Healthy Food Inc. Kitchen","subCategoryName":"Poultry","title":"BBQ Marinated Chicken Legs","producer":"Healthy Food Inc. Kitchen","photoPath":"https://goodeggs4.imgix.net/8859e81f-705b-45dd-84b7-aa9ec202a578.jpg?w=380&h=238&fm=jpg&auto=compress&fit=crop","price":"7.99","pricePer":"$7.99 / lb","purchaseUnit":"16 oz"},{"mainCategory":"Meat & Fish","categoryName":"Healthy Food Inc. Kitchen","subCategoryName":"Poultry","title":"Turmeric Yogurt Marinated Cut Boneless Chicken Thighs","producer":"Healthy Food Inc. Kitchen","photoPath":"https://goodeggs4.imgix.net/59315fba-5340-4ba4-9b0b-c081977ae512.jpg?w=380&h=238&fm=jpg&auto=compress&fit=crop","price":"11.99","pricePer":"$11.99 / lb","purchaseUnit":"1 lb"},{"mainCategory":"Meat & Fish","categoryName":"Healthy Food Inc. Kitchen","subCategoryName":"Poultry","title":"BBQ Marinated Chicken Pieces","producer":"Healthy Food Inc. Kitchen","photoPath":"https://goodeggs4.imgix.net/1ee49763-ad84-4b8c-b4e7-aed7c2b417a6.jpg?w=380&h=238&fm=jpg&auto=compress&fit=crop","price":"11.99","pricePer":"$5.99 / lb","purchaseUnit":"2 lb"},{"mainCategory":"Meat & Fish","categoryName":"Healthy Food Inc. Kitchen","subCategoryName":"Fish & Seafood","title":"Miso Roasted Salmon","producer":"Healthy Food Inc. Kitchen","photoPath":"https://goodeggs4.imgix.net/beba8691-6a58-4119-818a-415a8ca4de10.jpg?w=380&h=238&fm=jpg&auto=compress&fit=crop","price":"19.99","pricePer":"$26.65 / lb","purchaseUnit":"12 oz"},{"mainCategory":"Meat & Fish","categoryName":"Healthy Food Inc. Kitchen","subCategoryName":"Lamb","title":"Grass-Fed Spiced Ground Lamb (Frozen)","producer":"Healthy Food Inc. Kitchen","photoPath":"https://goodeggs4.imgix.net/6b3de179-09cd-4c92-8cf3-6aa6092c7201.jpg?w=380&h=238&fm=jpg&auto=compress&fit=crop","price":"8.99","pricePer":"$17.98 / lb","purchaseUnit":"0.5 lb"},{"mainCategory":"Meat & Fish","categoryName":"Healthy Food Inc. Kitchen","subCategoryName":"Lamb","title":"Turmeric Yogurt Lamb Kebab","producer":"Healthy Food Inc. Kitchen","photoPath":"https://goodeggs4.imgix.net/0629ac74-8fa3-452e-904d-419f91842496.jpg?w=380&h=238&fm=jpg&auto=compress&fit=crop","price":"15.99","pricePer":"$0.99 / oz","purchaseUnit":"16 oz"},{"mainCategory":"Meat & Fish","categoryName":"Healthy Food Inc. Kitchen","subCategoryName":"Lamb","title":"Turkish Marinated Lamb Kebabs","producer":"Healthy Food Inc. Kitchen","photoPath":"https://goodeggs4.imgix.net/2b32803b-d227-4766-8ecc-425f003c0458.jpg?w=380&h=238&fm=jpg&auto=compress&fit=crop","price":"15.99","pricePer":"$15.99 / lb","purchaseUnit":"1 lb"},{"mainCategory":"Meat & Fish","categoryName":"Healthy Food Inc. Kitchen","subCategoryName":"Lamb","title":"Chimichurri Lamb Kebab","producer":"Healthy Food Inc. Kitchen","photoPath":"https://goodeggs4.imgix.net/727bd53f-95aa-4726-a7cb-005359d2a1fa.jpg?w=380&h=238&fm=jpg&auto=compress&fit=crop","price":"15.99","pricePer":"$0.99 / oz","purchaseUnit":"16 oz"},{"mainCategory":"Meat & Fish","categoryName":"Healthy Food Inc. Kitchen","subCategoryName":"Lamb","title":"Lamb Prosciutto","producer":"Healthy Food Inc. Kitchen","photoPath":"https://goodeggs4.imgix.net/06e2627e-3a45-4bec-bb18-6b0402dcc5e9.jpg?w=380&h=238&fm=jpg&auto=compress&fit=crop","price":"17.99","pricePer":"$4.49 / oz","purchaseUnit":"4 oz"},{"mainCategory":"Meat & Fish","categoryName":"Poultry","subCategoryName":"Family Packs","title":"Whole Chicken Thighs Family-Pack","producer":"Mary's Free Range Chicken","photoPath":"https://goodeggs4.imgix.net/33ad1b40-5aeb-4194-94b9-6856b68aacbf.jpg?w=380&h=238&fm=jpg&auto=compress&fit=crop","price":"14.99","pricePer":"$4.99 / lb","purchaseUnit":"3 lb"},{"mainCategory":"Meat & Fish","categoryName":"Poultry","subCategoryName":"Family Packs","title":"Boneless Skinless Chicken Breast","producer":"Mary's Free Range Chicken","photoPath":"https://goodeggs4.imgix.net/a5398149-d4f7-4fcd-9c9e-92d3511853e9.jpg?w=380&h=238&fm=jpg&auto=compress&fit=crop","price":"19.99","pricePer":"$6.66 / lb","purchaseUnit":"3 lb"},{"mainCategory":"Meat & Fish","categoryName":"Poultry","subCategoryName":"Family Packs","title":"Organic Party Wings (Frozen)","producer":"Mary's Free Range Chicken","photoPath":"https://goodeggs4.imgix.net/0f461597-5c2a-4e6c-9395-42b6bd2e47d5.jpg?w=380&h=238&fm=jpg&auto=compress&fit=crop","price":"8.99","pricePer":"$4.49 / lb","purchaseUnit":"2 lb"},{"mainCategory":"Meat & Fish","categoryName":"Poultry","subCategoryName":"Family Packs","title":"Organic Boneless Skinless Chicken Breast (Frozen)","producer":"Mary's Free Range Chicken","photoPath":"https://goodeggs4.imgix.net/ffc5d35d-61e3-48ab-83b1-d056ceb0b4d1.jpg?w=380&h=238&fm=jpg&auto=compress&fit=crop","price":"17.99","pricePer":"$8.99 / lb","purchaseUnit":"2 lb"},{"mainCategory":"Meat & Fish","categoryName":"Poultry","subCategoryName":"Family Packs","title":"Organic Chicken Tenders (Frozen)","producer":"Mary's Free Range Chicken","photoPath":"https://goodeggs4.imgix.net/5babbcde-fbc6-41ce-8982-5f91e42d709a.jpg?w=380&h=238&fm=jpg&auto=compress&fit=crop","price":"19.99","pricePer":"$9.99 / lb","purchaseUnit":"2 lb"},{"mainCategory":"Meat & Fish","categoryName":"Poultry","subCategoryName":"Family Packs","title":"Party Wings Family Pack","producer":"Mary's Free Range Chicken","photoPath":"https://goodeggs4.imgix.net/bf17a3c5-89f9-4be2-9242-49e7cfffd7c5.jpg?w=380&h=238&fm=jpg&auto=compress&fit=crop","price":"12.99","pricePer":"$4.33 / lb","purchaseUnit":"3 lb"},{"mainCategory":"Meat & Fish","categoryName":"Poultry","subCategoryName":"Family Packs","title":"Chicken Drumsticks Family-Pack","producer":"Mary's Free Range Chicken","photoPath":"https://goodeggs4.imgix.net/46bf3892-cde4-4f04-a0f0-84651adfc9a8.jpg?w=380&h=238&fm=jpg&auto=compress&fit=crop","price":"13.49","pricePer":"$4.49 / lb","purchaseUnit":"3 lb"},{"mainCategory":"Meat & Fish","categoryName":"Poultry","subCategoryName":"Turkey","title":"Organic Ground Dark Meat Turkey (Frozen)","producer":"Diestel Turkey","photoPath":"https://goodeggs4.imgix.net/d0e5a588-670e-421d-a561-d24e2feb6d1f.jpg?w=380&h=238&fm=jpg&auto=compress&fit=crop","price":"8.99","pricePer":"$8.99 / lb","purchaseUnit":"1 lb"},{"mainCategory":"Meat & Fish","categoryName":"Poultry","subCategoryName":"Turkey","title":"Pastured Ground Turkey (Frozen)","producer":"Keller Crafted Meats","photoPath":"https://goodeggs4.imgix.net/c92643e0-5070-4eeb-8ce7-b062f8648313.jpg?w=380&h=238&fm=jpg&auto=compress&fit=crop","price":"7.99","pricePer":"$10.65 / lb","purchaseUnit":"0.75 lb"},{"mainCategory":"Meat & Fish","categoryName":"Poultry","subCategoryName":"Turkey","title":"Turkey Bacon","producer":"Diestel Turkey","photoPath":"https://goodeggs4.imgix.net/3ce78147-09df-4567-a4a3-2bd5ba5351df.jpg?w=380&h=238&fm=jpg&auto=compress&fit=crop","price":"5.99","pricePer":"$11.98 / lb","purchaseUnit":"0.5 lb"},{"mainCategory":"Meat & Fish","categoryName":"Poultry","subCategoryName":"Turkey","title":"Turkey Ricotta Meatball Mix (Frozen)","producer":"Keller Crafted Meats","photoPath":"https://goodeggs4.imgix.net/77579c30-ab44-451f-b693-eee74e14f0dc.jpg?w=380&h=238&fm=jpg&auto=compress&fit=crop","price":"9.99","pricePer":"$9.99 / lb","purchaseUnit":"1 lb"},{"mainCategory":"Meat & Fish","categoryName":"Poultry","subCategoryName":"Turkey","title":"Organic Broad Breasted Turkey (14-16 lb, Frozen)","producer":"Mary's Free Range Chicken","photoPath":"https://goodeggs4.imgix.net/78b4fa31-9762-4839-b8f5-0b6aff1f54e3.jpg?w=380&h=238&fm=jpg&auto=compress&fit=crop","price":"55.99","pricePer":"$3.99 / lb","purchaseUnit":"14 lb"},{"mainCategory":"Meat & Fish","categoryName":"Poultry","subCategoryName":"Turkey","title":"Organic Broad Breasted Turkey (16-18 lb, Frozen)","producer":"Mary's Free Range Chicken","photoPath":"https://goodeggs4.imgix.net/6b257bb3-7f44-4e5c-ba6f-1f79dc167112.jpg?w=380&h=238&fm=jpg&auto=compress&fit=crop","price":"63.99","pricePer":"$3.99 / lb","purchaseUnit":"16 lb"},{"mainCategory":"Meat & Fish","categoryName":"Poultry","subCategoryName":"Turkey","title":"Turketta Roast (Frozen)","producer":"RoliRoti","photoPath":"https://goodeggs4.imgix.net/25a20438-992d-4221-bd03-2ccf4ba0a46f.jpg?w=380&h=238&fm=jpg&auto=compress&fit=crop","price":"83.99","pricePer":"$11.99 / lb","purchaseUnit":"7 lb"},{"mainCategory":"Meat & Fish","categoryName":"Poultry","subCategoryName":"Turkey","title":"Turketta Roast (Frozen)","producer":"RoliRoti","photoPath":"https://goodeggs4.imgix.net/25a20438-992d-4221-bd03-2ccf4ba0a46f.jpg?w=380&h=238&fm=jpg&auto=compress&fit=crop","price":"95.99","pricePer":"$11.99 / lb","purchaseUnit":"8 lb"},{"mainCategory":"Meat & Fish","categoryName":"Poultry","subCategoryName":"Turkey","title":"Organic Heirloom Turkey (22-24 lb, Frozen)","producer":"Diestel Turkey","photoPath":"https://goodeggs4.imgix.net/add3f79d-93cc-4e38-8ea8-dbfe6f9de387.jpg?w=380&h=238&fm=jpg&auto=compress&fit=crop","price":"131.99","pricePer":"$5.99 / lb","purchaseUnit":"22 lb"},{"mainCategory":"Meat & Fish","categoryName":"Poultry","subCategoryName":"Turkey","title":"Heritage Turkey (18-20 lb, Frozen)","producer":"Mary's Free Range Chicken","photoPath":"https://goodeggs4.imgix.net/dafbad24-e1d6-49af-a07e-6aaa60dffa7b.jpg?w=380&h=238&fm=jpg&auto=compress&fit=crop","price":"107.99","pricePer":"$5.99 / lb","purchaseUnit":"18 lb"},{"mainCategory":"Meat & Fish","categoryName":"Poultry","subCategoryName":"Turkey","title":"Heritage Turkey (20-22 lb, Frozen)","producer":"Mary's Free Range Chicken","photoPath":"https://goodeggs4.imgix.net/68346e55-692c-4da7-99ea-87caa842b3f0.jpg?w=380&h=238&fm=jpg&auto=compress&fit=crop","price":"119.99","pricePer":"$5.99 / lb","purchaseUnit":"20 lb"},{"mainCategory":"Meat & Fish","categoryName":"Poultry","subCategoryName":"Chicken Breast","title":"Pastured Boneless Skinless Heirloom Chicken Breast","producer":"Cooks Venture Pasture-Raised Chicken","photoPath":"https://goodeggs4.imgix.net/c3e7d2f2-bb8f-4d27-88c6-1f84c976c253.jpg?w=380&h=238&fm=jpg&auto=compress&fit=crop","price":"9.99","pricePer":"$9.99 / lb","purchaseUnit":"1 lb"},{"mainCategory":"Meat & Fish","categoryName":"Poultry","subCategoryName":"Chicken Breast","title":"Organic Ground Chicken","producer":"Mary's Free Range Chicken","photoPath":"https://goodeggs4.imgix.net/3c7976c2-0745-4c09-bbbb-68a1797f9b60.jpg?w=380&h=238&fm=jpg&auto=compress&fit=crop","price":"9.99","pricePer":"$9.99 / lb","purchaseUnit":"1 lb"},{"mainCategory":"Meat & Fish","categoryName":"Poultry","subCategoryName":"Chicken Breast","title":"Organic Boneless Skinless Chicken Breast","producer":"Mary's Free Range Chicken","photoPath":"https://goodeggs4.imgix.net/8ee8b7c3-b3ab-454a-af92-64ef07548699.jpg?w=380&h=238&fm=jpg&auto=compress&fit=crop","price":"11.99","pricePer":"$9.59 / lb","purchaseUnit":"1.25 lb"},{"mainCategory":"Meat & Fish","categoryName":"Poultry","subCategoryName":"Chicken Breast","title":"Organic Boneless Skinless Chicken Breast","producer":"Mary's Free Range Chicken","photoPath":"https://goodeggs4.imgix.net/8ee8b7c3-b3ab-454a-af92-64ef07548699.jpg?w=380&h=238&fm=jpg&auto=compress&fit=crop","price":"13.99","pricePer":"$9.32 / lb","purchaseUnit":"1.5 lb"},{"mainCategory":"Meat & Fish","categoryName":"Poultry","subCategoryName":"Chicken Breast","title":"Organic Boneless Skinless Chicken Breast (Frozen)","producer":"Mary's Free Range Chicken","photoPath":"https://goodeggs4.imgix.net/ffc5d35d-61e3-48ab-83b1-d056ceb0b4d1.jpg?w=380&h=238&fm=jpg&auto=compress&fit=crop","price":"17.99","pricePer":"$8.99 / lb","purchaseUnit":"2 lb"},{"mainCategory":"Meat & Fish","categoryName":"Poultry","subCategoryName":"Chicken Breast","title":"Sous Vide Pinned Chicken","producer":"RoliRoti","photoPath":"https://goodeggs4.imgix.net/de3432f3-b159-43fc-ac07-9591b3be1156.jpg?w=380&h=238&fm=jpg&auto=compress&fit=crop","price":"9.99","pricePer":"$11.41 / lb","purchaseUnit":"14 oz"},{"mainCategory":"Meat & Fish","categoryName":"Poultry","subCategoryName":"Chicken Breast","title":"Thin-Cut Chicken Breast (Frozen)","producer":"Keller Crafted Meats","photoPath":"https://goodeggs4.imgix.net/5161ceef-6e84-4ad0-8b0e-36e16d55a3fd.jpg?w=380&h=238&fm=jpg&auto=compress&fit=crop","price":"10.99","pricePer":"$10.99 / lb","purchaseUnit":"1 lb"},{"mainCategory":"Meat & Fish","categoryName":"Poultry","subCategoryName":"Chicken Breast","title":"Fajita Cut Chicken Breast (Frozen)","producer":"Keller Crafted Meats","photoPath":"https://goodeggs4.imgix.net/2a47cd1f-d96e-468c-a1e6-9793e326171f.jpg?w=380&h=238&fm=jpg&auto=compress&fit=crop","price":"8.99","pricePer":"$11.98 / lb","purchaseUnit":"12 oz"},{"mainCategory":"Meat & Fish","categoryName":"Poultry","subCategoryName":"Chicken Breast","title":"Organic Breaded Chicken Nuggets (Frozen)","producer":"Mary's Free Range Chicken","photoPath":"https://goodeggs4.imgix.net/313cbed0-7c4e-11eb-8994-e1a9d560c915?w=380&h=238&fm=jpg&auto=compress&fit=crop","price":"7.99","pricePer":"$0.99 / oz","purchaseUnit":"8 oz"},{"mainCategory":"Meat & Fish","categoryName":"Poultry","subCategoryName":"Chicken Breast","title":"Boneless Skinless Chicken Breast","producer":"Mary's Free Range Chicken","photoPath":"https://goodeggs4.imgix.net/a5398149-d4f7-4fcd-9c9e-92d3511853e9.jpg?w=380&h=238&fm=jpg&auto=compress&fit=crop","price":"19.99","pricePer":"$6.66 / lb","purchaseUnit":"3 lb"},{"mainCategory":"Meat & Fish","categoryName":"Poultry","subCategoryName":"Chicken Breast","title":"Boneless Skinless Chicken Breast","producer":"Mary's Free Range Chicken","photoPath":"https://goodeggs4.imgix.net/073a1fa8-674e-4585-9079-9e738e18982e.jpg?w=380&h=238&fm=jpg&auto=compress&fit=crop","price":"8.99","pricePer":"$7.19 / lb","purchaseUnit":"1.25 lb"},{"mainCategory":"Meat & Fish","categoryName":"Poultry","subCategoryName":"Chicken Breast","title":"Boneless Skinless Chicken Breast","producer":"Mary's Free Range Chicken","photoPath":"https://goodeggs4.imgix.net/073a1fa8-674e-4585-9079-9e738e18982e.jpg?w=380&h=238&fm=jpg&auto=compress&fit=crop","price":"10.99","pricePer":"$7.32 / lb","purchaseUnit":"1.5 lb"},{"mainCategory":"Meat & Fish","categoryName":"Poultry","subCategoryName":"Chicken Breast","title":"Boneless Skinless Chicken Breast","producer":"Mary's Free Range Chicken","photoPath":"https://goodeggs4.imgix.net/073a1fa8-674e-4585-9079-9e738e18982e.jpg?w=380&h=238&fm=jpg&auto=compress&fit=crop","price":"13.99","pricePer":"$6.99 / lb","purchaseUnit":"2 lb"},{"mainCategory":"Meat & Fish","categoryName":"Poultry","subCategoryName":"Chicken Breast","title":"Organic Chicken Tenders (Frozen)","producer":"Mary's Free Range Chicken","photoPath":"https://goodeggs4.imgix.net/5babbcde-fbc6-41ce-8982-5f91e42d709a.jpg?w=380&h=238&fm=jpg&auto=compress&fit=crop","price":"19.99","pricePer":"$9.99 / lb","purchaseUnit":"2 lb"},{"mainCategory":"Meat & Fish","categoryName":"Poultry","subCategoryName":"Chicken Breast","title":"Organic Bone-In Skin-On Chicken Breasts","producer":"Mary's Free Range Chicken","photoPath":"https://goodeggs4.imgix.net/c246df33-4d4d-4daf-b2d7-a47ac5456248.jpg?w=380&h=238&fm=jpg&auto=compress&fit=crop","price":"6.99","pricePer":"$6.99 / lb","purchaseUnit":"1 lb"},{"mainCategory":"Meat & Fish","categoryName":"Poultry","subCategoryName":"Chicken Breast","title":"Airline Chicken Breasts","producer":"Mary's Free Range Chicken","photoPath":"https://goodeggs4.imgix.net/c9f35cf1-de91-4071-8536-0f4ee52d238f.jpg?w=380&h=238&fm=jpg&auto=compress&fit=crop","price":"8.99","pricePer":"$8.99 / lb","purchaseUnit":"1 lb"},{"mainCategory":"Meat & Fish","categoryName":"Poultry","subCategoryName":"Chicken Breast","title":"Airline Chicken Breasts","producer":"Mary's Free Range Chicken","photoPath":"https://goodeggs4.imgix.net/c9f35cf1-de91-4071-8536-0f4ee52d238f.jpg?w=380&h=238&fm=jpg&auto=compress&fit=crop","price":"11.99","pricePer":"$9.59 / lb","purchaseUnit":"1.25 lb"},{"mainCategory":"Meat & Fish","categoryName":"Poultry","subCategoryName":"Chicken Legs & Wings","title":"Boneless Skinless Chicken Thighs","producer":"Mary's Free Range Chicken","photoPath":"https://goodeggs4.imgix.net/134824bf-66f6-4459-aa2b-be3b5e705b43.jpg?w=380&h=238&fm=jpg&auto=compress&fit=crop","price":"5.99","pricePer":"$7.98 / lb","purchaseUnit":"0.75 lb"},{"mainCategory":"Meat & Fish","categoryName":"Poultry","subCategoryName":"Chicken Legs & Wings","title":"Whole Chicken Thighs Family-Pack","producer":"Mary's Free Range Chicken","photoPath":"https://goodeggs4.imgix.net/33ad1b40-5aeb-4194-94b9-6856b68aacbf.jpg?w=380&h=238&fm=jpg&auto=compress&fit=crop","price":"14.99","pricePer":"$4.99 / lb","purchaseUnit":"3 lb"},{"mainCategory":"Meat & Fish","categoryName":"Poultry","subCategoryName":"Chicken Legs & Wings","title":"Whole Chicken Thighs","producer":"Mary's Free Range Chicken","photoPath":"https://goodeggs4.imgix.net/30e5c50f-4243-452f-ac4a-87952eb60ca3.jpg?w=380&h=238&fm=jpg&auto=compress&fit=crop","price":"6.99","pricePer":"$5.59 / lb","purchaseUnit":"1.25 lb"},{"mainCategory":"Meat & Fish","categoryName":"Poultry","subCategoryName":"Chicken Legs & Wings","title":"Pastured Heirloom Whole Chicken Thighs","producer":"Cooks Venture Pasture-Raised Chicken","photoPath":"https://goodeggs4.imgix.net/8e073ab0-ebde-419a-bb51-0d07cf05c71c.jpg?w=380&h=238&fm=jpg&auto=compress&fit=crop","price":"6.99","pricePer":"$6.99 / lb","purchaseUnit":"1 lb"},{"mainCategory":"Meat & Fish","categoryName":"Poultry","subCategoryName":"Chicken Legs & Wings","title":"Organic Boneless Skinless Chicken Thighs","producer":"Mary's Free Range Chicken","photoPath":"https://goodeggs4.imgix.net/134824bf-66f6-4459-aa2b-be3b5e705b43.jpg?w=380&h=238&fm=jpg&auto=compress&fit=crop","price":"11.99","pricePer":"$9.59 / lb","purchaseUnit":"1.25 lb"},{"mainCategory":"Meat & Fish","categoryName":"Poultry","subCategoryName":"Chicken Legs & Wings","title":"Organic Boneless Skinless Chicken Thighs","producer":"Mary's Free Range Chicken","photoPath":"https://goodeggs4.imgix.net/134824bf-66f6-4459-aa2b-be3b5e705b43.jpg?w=380&h=238&fm=jpg&auto=compress&fit=crop","price":"6.99","pricePer":"$9.32 / lb","purchaseUnit":"0.75 lb"},{"mainCategory":"Meat & Fish","categoryName":"Poultry","subCategoryName":"Chicken Legs & Wings","title":"Organic Whole Chicken Thighs","producer":"Mary's Free Range Chicken","photoPath":"https://goodeggs4.imgix.net/30e5c50f-4243-452f-ac4a-87952eb60ca3.jpg?w=380&h=238&fm=jpg&auto=compress&fit=crop","price":"7.99","pricePer":"$6.39 / lb","purchaseUnit":"1.25 lb"},{"mainCategory":"Meat & Fish","categoryName":"Poultry","subCategoryName":"Chicken Legs & Wings","title":"Organic Whole Chicken Thighs","producer":"Mary's Free Range Chicken","photoPath":"https://goodeggs4.imgix.net/30e5c50f-4243-452f-ac4a-87952eb60ca3.jpg?w=380&h=238&fm=jpg&auto=compress&fit=crop","price":"8.99","pricePer":"$5.99 / lb","purchaseUnit":"1.5 lb"},{"mainCategory":"Meat & Fish","categoryName":"Poultry","subCategoryName":"Chicken Legs & Wings","title":"Organic Party Wings (Frozen)","producer":"Mary's Free Range Chicken","photoPath":"https://goodeggs4.imgix.net/0f461597-5c2a-4e6c-9395-42b6bd2e47d5.jpg?w=380&h=238&fm=jpg&auto=compress&fit=crop","price":"8.99","pricePer":"$4.49 / lb","purchaseUnit":"2 lb"},{"mainCategory":"Meat & Fish","categoryName":"Poultry","subCategoryName":"Chicken Legs & Wings","title":"Pastured Heirloom Chicken Drumsticks","producer":"Cooks Venture Pasture-Raised Chicken","photoPath":"https://goodeggs4.imgix.net/32c1bbbc-6431-4efa-8617-e8981795a7bf.jpg?w=380&h=238&fm=jpg&auto=compress&fit=crop","price":"4.99","pricePer":"$4.99 / lb","purchaseUnit":"1 lb"},{"mainCategory":"Meat & Fish","categoryName":"Poultry","subCategoryName":"Chicken Legs & Wings","title":"Chicken Drumsticks Family-Pack","producer":"Mary's Free Range Chicken","photoPath":"https://goodeggs4.imgix.net/46bf3892-cde4-4f04-a0f0-84651adfc9a8.jpg?w=380&h=238&fm=jpg&auto=compress&fit=crop","price":"13.49","pricePer":"$4.49 / lb","purchaseUnit":"3 lb"},{"mainCategory":"Meat & Fish","categoryName":"Poultry","subCategoryName":"Chicken Legs & Wings","title":"Party Wings Family Pack","producer":"Mary's Free Range Chicken","photoPath":"https://goodeggs4.imgix.net/bf17a3c5-89f9-4be2-9242-49e7cfffd7c5.jpg?w=380&h=238&fm=jpg&auto=compress&fit=crop","price":"12.99","pricePer":"$4.33 / lb","purchaseUnit":"3 lb"},{"mainCategory":"Meat & Fish","categoryName":"Poultry","subCategoryName":"Chicken Legs & Wings","title":"Organic Whole Chicken Legs","producer":"Mary's Free Range Chicken","photoPath":"https://goodeggs4.imgix.net/4ded015e-ce44-4f23-bc4a-41771e1307c5.jpg?w=380&h=238&fm=jpg&auto=compress&fit=crop","price":"6.29","pricePer":"$5.03 / lb","purchaseUnit":"1.25 lb"},{"mainCategory":"Meat & Fish","categoryName":"Poultry","subCategoryName":"Chicken Legs & Wings","title":"Organic Whole Chicken Legs","producer":"Mary's Free Range Chicken","photoPath":"https://goodeggs4.imgix.net/4ded015e-ce44-4f23-bc4a-41771e1307c5.jpg?w=380&h=238&fm=jpg&auto=compress&fit=crop","price":"8.79","pricePer":"$5.02 / lb","purchaseUnit":"1.75 lb"},{"mainCategory":"Meat & Fish","categoryName":"Poultry","subCategoryName":"Chicken Legs & Wings","title":"Organic Chicken Drumsticks","producer":"Mary's Free Range Chicken","photoPath":"https://goodeggs4.imgix.net/e445de24-0e14-4614-baf4-9e6b78edf4bb.jpg?w=380&h=238&fm=jpg&auto=compress&fit=crop","price":"6.29","pricePer":"$5.03 / lb","purchaseUnit":"1.25 lb"},{"mainCategory":"Meat & Fish","categoryName":"Poultry","subCategoryName":"Chicken Legs & Wings","title":"Organic Chicken Drumsticks","producer":"Mary's Free Range Chicken","photoPath":"https://goodeggs4.imgix.net/e445de24-0e14-4614-baf4-9e6b78edf4bb.jpg?w=380&h=238&fm=jpg&auto=compress&fit=crop","price":"7.49","pricePer":"$4.99 / lb","purchaseUnit":"1.5 lb"},{"mainCategory":"Meat & Fish","categoryName":"Poultry","subCategoryName":"Chicken Legs & Wings","title":"Whole Chicken Legs","producer":"Mary's Free Range Chicken","photoPath":"https://goodeggs4.imgix.net/4ded015e-ce44-4f23-bc4a-41771e1307c5.jpg?w=380&h=238&fm=jpg&auto=compress&fit=crop","price":"4.49","pricePer":"$4.49 / lb","purchaseUnit":"1 lb"},{"mainCategory":"Meat & Fish","categoryName":"Poultry","subCategoryName":"Chicken Legs & Wings","title":"Whole Chicken Legs","producer":"Mary's Free Range Chicken","photoPath":"https://goodeggs4.imgix.net/4ded015e-ce44-4f23-bc4a-41771e1307c5.jpg?w=380&h=238&fm=jpg&auto=compress&fit=crop","price":"5.99","pricePer":"$4.79 / lb","purchaseUnit":"1.25 lb"},{"mainCategory":"Meat & Fish","categoryName":"Poultry","subCategoryName":"Game Birds","title":"Organic Duck Breast (Frozen)","producer":"Mary's Free Range Chicken","photoPath":"https://goodeggs4.imgix.net/e48663ed-ed75-4533-a0c2-29211e165c6c.jpg?w=380&h=238&fm=jpg&auto=compress&fit=crop","price":"12.99","pricePer":"$17.32 / lb","purchaseUnit":"0.75 lb"},{"mainCategory":"Meat & Fish","categoryName":"Poultry","subCategoryName":"Game Birds","title":"Smoked Boneless Duck Breast","producer":"Fabrique Délices","photoPath":"https://goodeggs4.imgix.net/a9d4b570-242c-4a59-929a-5b08c0501f7c.jpg?w=380&h=238&fm=jpg&auto=compress&fit=crop","price":"12.99","pricePer":"$2.16 / oz","purchaseUnit":"6 oz"},{"mainCategory":"Meat & Fish","categoryName":"Poultry","subCategoryName":"Game Birds","title":"Duck Legs Confit","producer":"Fabrique Délices","photoPath":"https://goodeggs4.imgix.net/4d76ef20-90e5-4c94-868f-0f98e868a75a.jpg?w=380&h=238&fm=jpg&auto=compress&fit=crop","price":"29.99","pricePer":"$29.99 / lb","purchaseUnit":"3 count"},{"mainCategory":"Meat & Fish","categoryName":"Poultry","subCategoryName":"Game Birds","title":"Organic Whole Duck Legs (Frozen)","producer":"Mary's Free Range Chicken","photoPath":"https://goodeggs4.imgix.net/44153bc5-33c1-4549-8198-0045373ca957.jpg?w=380&h=238&fm=jpg&auto=compress&fit=crop","price":"11.99","pricePer":"$15.98 / lb","purchaseUnit":"0.75 lb"},{"mainCategory":"Meat & Fish","categoryName":"Poultry","subCategoryName":"Game Birds","title":"Organic Whole Duck Legs (Frozen)","producer":"Mary's Free Range Chicken","photoPath":"https://goodeggs4.imgix.net/44153bc5-33c1-4549-8198-0045373ca957.jpg?w=380&h=238&fm=jpg&auto=compress&fit=crop","price":"14.99","pricePer":"$14.99 / lb","purchaseUnit":"1 lb"},{"mainCategory":"Meat & Fish","categoryName":"Poultry","subCategoryName":"Game Birds","title":"Organic Whole Duck (Frozen)","producer":"Mary's Free Range Chicken","photoPath":"https://goodeggs4.imgix.net/5c0bac67-6ac2-43e2-92ca-e3bda74023e7.jpg?w=380&h=238&fm=jpg&auto=compress&fit=crop","price":"39.99","pricePer":"$7.99 / lb","purchaseUnit":"5 lb"},{"mainCategory":"Meat & Fish","categoryName":"Poultry","subCategoryName":"Game Birds","title":"Quail (Frozen)","producer":"Devil's Gulch Ranch","photoPath":"https://goodeggs4.imgix.net/56232a47-87c0-4759-aeab-37bf04294832.jpg?w=380&h=238&fm=jpg&auto=compress&fit=crop","price":"32.99","pricePer":"$32.99 / lb","purchaseUnit":"4 count"},{"mainCategory":"Meat & Fish","categoryName":"Poultry","subCategoryName":"Game Birds","title":"Pastured Whole Duck (Frozen)","producer":"Root Down Farm","photoPath":"https://goodeggs4.imgix.net/7d803611-c8d5-4a7e-a635-cf411dee6cc0.jpg?w=380&h=238&fm=jpg&auto=compress&fit=crop","price":"61.99","pricePer":"$9.91 / lb","purchaseUnit":"6.25 lb"},{"mainCategory":"Meat & Fish","categoryName":"Poultry","subCategoryName":"Game Birds","title":"Pastured Whole Duck (Frozen)","producer":"Root Down Farm","photoPath":"https://goodeggs4.imgix.net/7d803611-c8d5-4a7e-a635-cf411dee6cc0.jpg?w=380&h=238&fm=jpg&auto=compress&fit=crop","price":"64.99","pricePer":"$9.99 / lb","purchaseUnit":"6.5 lb"},{"mainCategory":"Meat & Fish","categoryName":"Poultry","subCategoryName":"Whole Chickens","title":"Organic Whole Chicken","producer":"Mary's Free Range Chicken","photoPath":"https://goodeggs4.imgix.net/a9d654f4-95ad-4ab3-89dd-7e0d475388d9.jpg?w=380&h=238&fm=jpg&auto=compress&fit=crop","price":"13.99","pricePer":"$3.99 / lb","purchaseUnit":"3.5 lb"},{"mainCategory":"Meat & Fish","categoryName":"Poultry","subCategoryName":"Whole Chickens","title":"Organic Whole Chicken","producer":"Mary's Free Range Chicken","photoPath":"https://goodeggs4.imgix.net/0c2f3ae2-93c0-4eee-ad66-dbd9b068a218.jpg?w=380&h=238&fm=jpg&auto=compress&fit=crop","price":"14.99","pricePer":"$3.99 / lb","purchaseUnit":"3.75 lb"},{"mainCategory":"Meat & Fish","categoryName":"Poultry","subCategoryName":"Whole Chickens","title":"Pastured Spatchcocked Chicken (Frozen)","producer":"Keller Crafted Meats","photoPath":"https://goodeggs4.imgix.net/d7fa93d6-ce24-49b2-b50d-3fbaeece631f.jpg?w=380&h=238&fm=jpg&auto=compress&fit=crop","price":"29.99","pricePer":"$7.99 / lb","purchaseUnit":"3.75 lb"},{"mainCategory":"Meat & Fish","categoryName":"Poultry","subCategoryName":"Whole Chickens","title":"Whole Chicken","producer":"Mary's Free Range Chicken","photoPath":"https://goodeggs4.imgix.net/a9d654f4-95ad-4ab3-89dd-7e0d475388d9.jpg?w=380&h=238&fm=jpg&auto=compress&fit=crop","price":"18.99","pricePer":"$3.61 / lb","purchaseUnit":"5.25 lb"},{"mainCategory":"Meat & Fish","categoryName":"Poultry","subCategoryName":"Whole Chickens","title":"Whole Chicken","producer":"Mary's Free Range Chicken","photoPath":"https://goodeggs4.imgix.net/a9d654f4-95ad-4ab3-89dd-7e0d475388d9.jpg?w=380&h=238&fm=jpg&auto=compress&fit=crop","price":"17.99","pricePer":"$3.59 / lb","purchaseUnit":"5 lb"},{"mainCategory":"Meat & Fish","categoryName":"Poultry","subCategoryName":"Whole Chickens","title":"Whole Chicken","producer":"Mary's Free Range Chicken","photoPath":"https://goodeggs4.imgix.net/a9d654f4-95ad-4ab3-89dd-7e0d475388d9.jpg?w=380&h=238&fm=jpg&auto=compress&fit=crop","price":"19.99","pricePer":"$3.63 / lb","purchaseUnit":"5.5 lb"},{"mainCategory":"Meat & Fish","categoryName":"Poultry","subCategoryName":"Whole Chickens","title":"Whole Chicken","producer":"Mary's Free Range Chicken","photoPath":"https://goodeggs4.imgix.net/a9d654f4-95ad-4ab3-89dd-7e0d475388d9.jpg?w=380&h=238&fm=jpg&auto=compress&fit=crop","price":"21.99","pricePer":"$3.66 / lb","purchaseUnit":"6 lb"},{"mainCategory":"Meat & Fish","categoryName":"Poultry","subCategoryName":"Whole Chickens","title":"Brined Spatchcocked Chicken (Frozen)","producer":"Keller Crafted Meats","photoPath":"https://goodeggs4.imgix.net/20425a4c-4c52-4289-b0ac-5cb49107ff55.png?w=380&h=238&fm=jpg&auto=compress&fit=crop","price":"22.99","pricePer":"$7.07 / lb","purchaseUnit":"3.25 lb"},{"mainCategory":"Meat & Fish","categoryName":"Poultry","subCategoryName":"Whole Chickens","title":"Pastured Whole Chicken (Frozen)","producer":"Fogline Farm","photoPath":"https://goodeggs4.imgix.net/50a5fcba-8400-4233-a292-d327841393ec.jpg?w=380&h=238&fm=jpg&auto=compress&fit=crop","price":"37.49","pricePer":"$9.99 / lb","purchaseUnit":"3.75 lb"},{"mainCategory":"Meat & Fish","categoryName":"Poultry","subCategoryName":"Whole Chickens","title":"Pastured Whole Chicken","producer":"Fogline Farm","photoPath":"https://goodeggs4.imgix.net/50a5fcba-8400-4233-a292-d327841393ec.jpg?w=380&h=238&fm=jpg&auto=compress&fit=crop","price":"37.49","pricePer":"$9.99 / lb","purchaseUnit":"3.75 lb"},{"mainCategory":"Meat & Fish","categoryName":"Poultry","subCategoryName":"Whole Chickens","title":"Pastured Heirloom Half Chicken","producer":"Cooks Venture Pasture-Raised Chicken","photoPath":"https://goodeggs4.imgix.net/117b2076-6135-41cf-a02d-91f7d2bd3067.jpg?w=380&h=238&fm=jpg&auto=compress&fit=crop","price":"9.49","pricePer":"$5.42 / lb","purchaseUnit":"1.75 lb"},{"mainCategory":"Meat & Fish","categoryName":"Poultry","subCategoryName":"Whole Chickens","title":"Pastured Ranger Whole Chicken (Frozen)","producer":"Root Down Farm","photoPath":"https://goodeggs4.imgix.net/34d2c9d3-70d5-451c-b4e6-57b30ed568e1.jpg?w=380&h=238&fm=jpg&auto=compress&fit=crop","price":"29.99","pricePer":"$9.99 / lb","purchaseUnit":"3 lb"},{"mainCategory":"Meat & Fish","categoryName":"Poultry","subCategoryName":"Whole Chickens","title":"Pastured Ranger Whole Chicken","producer":"Root Down Farm","photoPath":"https://goodeggs4.imgix.net/34d2c9d3-70d5-451c-b4e6-57b30ed568e1.jpg?w=380&h=238&fm=jpg&auto=compress&fit=crop","price":"34.99","pricePer":"$9.99 / lb","purchaseUnit":"3.5 lb"},{"mainCategory":"Meat & Fish","categoryName":"Sausage & Bacon","subCategoryName":"Sliced Bacon","title":"Pastured Uncured Applewood Smoked Bacon","producer":"Hobbs Applewood Smoked Meats","photoPath":"https://goodeggs4.imgix.net/f69e3676-1b56-45c0-80ca-eb763961f7f7.jpg?w=380&h=238&fm=jpg&auto=compress&fit=crop","price":"7.99","pricePer":"$10.65 / lb","purchaseUnit":"12 oz"},{"mainCategory":"Meat & Fish","categoryName":"Sausage & Bacon","subCategoryName":"Sliced Bacon","title":"Pastured Heritage Bacon","producer":"Fatted Calf Charcuterie","photoPath":"https://goodeggs4.imgix.net/fecfd5dd-8899-4545-8c4a-aa2479006aa6.jpg?w=380&h=238&fm=jpg&auto=compress&fit=crop","price":"12.99","pricePer":"$17.32 / lb","purchaseUnit":"0.75 lb"},{"mainCategory":"Meat & Fish","categoryName":"Sausage & Bacon","subCategoryName":"Sliced Bacon","title":"Pastured Uncured Bacon (Frozen)","producer":"Rancho Llano Seco","photoPath":"https://goodeggs4.imgix.net/6ac591b7-749a-4117-a184-7b8dd92dc1f9.jpg?w=380&h=238&fm=jpg&auto=compress&fit=crop","price":"14.69","pricePer":"$14.69 / lb","purchaseUnit":"1 lb"},{"mainCategory":"Meat & Fish","categoryName":"Sausage & Bacon","subCategoryName":"Sliced Bacon","title":"Pastured Bacon (Frozen)","producer":"Simas Farms","photoPath":"https://goodeggs4.imgix.net/52019047-7c97-44b4-9bf9-8f381cae2da6.jpg?w=380&h=238&fm=jpg&auto=compress&fit=crop","price":"13.99","pricePer":"$13.99 / lb","purchaseUnit":"1 lb"},{"mainCategory":"Meat & Fish","categoryName":"Sausage & Bacon","subCategoryName":"Sliced Bacon","title":"Pastured Rustic Sugar Free Bacon (Frozen)","producer":"Keller Crafted Meats","photoPath":"https://goodeggs4.imgix.net/7ebe5bfe-1703-44f4-ab40-86c52862b0c6.jpg?w=380&h=238&fm=jpg&auto=compress&fit=crop","price":"7.99","pricePer":"$15.98 / lb","purchaseUnit":"0.5 lb"},{"mainCategory":"Meat & Fish","categoryName":"Sausage & Bacon","subCategoryName":"Sliced Bacon","title":"Pastured Sugar Free Paleo Bacon (Frozen)","producer":"DG-Langley Farms","photoPath":"https://goodeggs4.imgix.net/89307d12-c73c-4f99-b3f7-1e56bad87e1c.jpg?w=380&h=238&fm=jpg&auto=compress&fit=crop","price":"16.99","pricePer":"$16.99 / lb","purchaseUnit":"1 lb"},{"mainCategory":"Meat & Fish","categoryName":"Sausage & Bacon","subCategoryName":"Sliced Bacon","title":"Pastured Sugar Free Paleo Bacon (Frozen)","producer":"DG-Langley Farms","photoPath":"https://goodeggs4.imgix.net/89307d12-c73c-4f99-b3f7-1e56bad87e1c.jpg?w=380&h=238&fm=jpg&auto=compress&fit=crop","price":"12.99","pricePer":"$17.32 / lb","purchaseUnit":"0.75 lb"},{"mainCategory":"Meat & Fish","categoryName":"Sausage & Bacon","subCategoryName":"Sliced Bacon","title":"Turkey Bacon","producer":"Diestel Turkey","photoPath":"https://goodeggs4.imgix.net/3ce78147-09df-4567-a4a3-2bd5ba5351df.jpg?w=380&h=238&fm=jpg&auto=compress&fit=crop","price":"5.99","pricePer":"$11.98 / lb","purchaseUnit":"0.5 lb"},{"mainCategory":"Meat & Fish","categoryName":"Sausage & Bacon","subCategoryName":"Sliced Bacon","title":"Pastured Sugar Free Salt & Thyme Bacon (Frozen)","producer":"Sonoma County Meat Co.","photoPath":"https://goodeggs4.imgix.net/228fbeb2-a424-4f84-a69e-d7c239667a8a.jpg?w=380&h=238&fm=jpg&auto=compress&fit=crop","price":"11.99","pricePer":"$15.98 / lb","purchaseUnit":"0.75 lb"},{"mainCategory":"Meat & Fish","categoryName":"Sausage & Bacon","subCategoryName":"Sliced Bacon","title":"Pastured Smoked Maple Bacon (Frozen)","producer":"Keller Crafted Meats","photoPath":"https://goodeggs4.imgix.net/550ccd63-9086-47f0-a2d2-c004c8a3234f.jpg?w=380&h=238&fm=jpg&auto=compress&fit=crop","price":"7.99","pricePer":"$15.98 / lb","purchaseUnit":"0.5 lb"},{"mainCategory":"Meat & Fish","categoryName":"Sausage & Bacon","subCategoryName":"Sliced Bacon","title":"Pastured Smoked Pepper Bacon (Frozen)","producer":"DG-Langley Farms","photoPath":"https://goodeggs4.imgix.net/495b52c1-e692-4f3b-a7c8-84275ca8ddb2.jpg?w=380&h=238&fm=jpg&auto=compress&fit=crop","price":"15.99","pricePer":"$15.99 / lb","purchaseUnit":"1 lb"},{"mainCategory":"Meat & Fish","categoryName":"Sausage & Bacon","subCategoryName":"Hot Dogs","title":"Pasture-Raised Skinless Uncured Beef Hot Dogs","producer":"True Story Foods","photoPath":"https://goodeggs4.imgix.net/cedb59e5-a8b7-444a-b9bd-b8b232b3f82c.jpg?w=380&h=238&fm=jpg&auto=compress&fit=crop","price":"6.99","pricePer":"$11.18 / lb","purchaseUnit":"10 oz"},{"mainCategory":"Meat & Fish","categoryName":"Sausage & Bacon","subCategoryName":"Hot Dogs","title":"Rustic Sugar Free All Beef Hot Dog (Frozen)","producer":"Keller Crafted Meats","photoPath":"https://goodeggs4.imgix.net/fb096528-d15a-4d75-871b-ac53125ef1b2.jpg?w=380&h=238&fm=jpg&auto=compress&fit=crop","price":"6.49","pricePer":"$0.64 / oz","purchaseUnit":"10 oz"},{"mainCategory":"Meat & Fish","categoryName":"Sausage & Bacon","subCategoryName":"Hot Dogs","title":"Rustic All Beef Jumbo Hot Dog (Frozen)","producer":"Keller Crafted Meats","photoPath":"https://goodeggs4.imgix.net/44560166-13ba-439e-a205-6ca394be9405.jpg?w=380&h=238&fm=jpg&auto=compress&fit=crop","price":"8.99","pricePer":"$11.23 / lb","purchaseUnit":"12.8 oz"},{"mainCategory":"Meat & Fish","categoryName":"Sausage & Bacon","subCategoryName":"Slab and Pieces","title":"Pastured Bacon Ends (Frozen)","producer":"Sonoma County Meat Co.","photoPath":"https://goodeggs4.imgix.net/602f26c0-afd9-4c6b-9c8f-95d7cf3b3d37.jpg?w=380&h=238&fm=jpg&auto=compress&fit=crop","price":"1.99","pricePer":"$7.96 / lb","purchaseUnit":"0.25 lb"},{"mainCategory":"Meat & Fish","categoryName":"Sausage & Bacon","subCategoryName":"Cooked Sausage","title":"Organic Chicken Apple & Wildflower Honey Sausage","producer":"True Story Foods","photoPath":"https://goodeggs4.imgix.net/e78a277a-09a5-496d-ab07-2375eba7dea4.jpg?w=380&h=238&fm=jpg&auto=compress&fit=crop","price":"5.99","pricePer":"$9.58 / lb","purchaseUnit":"0.625 lb"},{"mainCategory":"Meat & Fish","categoryName":"Sausage & Bacon","subCategoryName":"Cooked Sausage","title":"Organic Sweet Italian Chicken Sausage","producer":"True Story Foods","photoPath":"https://goodeggs4.imgix.net/9307db97-ff3c-4fa7-b638-896521d2b557.jpg?w=380&h=238&fm=jpg&auto=compress&fit=crop","price":"5.99","pricePer":"$9.58 / lb","purchaseUnit":"0.625 lb"},{"mainCategory":"Meat & Fish","categoryName":"Sausage & Bacon","subCategoryName":"Cooked Sausage","title":"Citrus Kale & Chicken Sausage (Chimichurri Style)","producer":"Misfit Foods","photoPath":"https://goodeggs4.imgix.net/5c3104bb-6755-438e-8900-3afde7acaaec.jpg?w=380&h=238&fm=jpg&auto=compress&fit=crop","price":"6.99","pricePer":"$0.58 / oz","purchaseUnit":"12 oz"},{"mainCategory":"Meat & Fish","categoryName":"Sausage & Bacon","subCategoryName":"Cooked Sausage","title":"Curry Carrot & Chicken Sausage (Lao Style)","producer":"Misfit Foods","photoPath":"https://goodeggs4.imgix.net/7efdef61-7d32-11eb-8994-e1a9d560c915?w=380&h=238&fm=jpg&auto=compress&fit=crop","price":"6.99","pricePer":"$0.58 / oz","purchaseUnit":"12 oz"},{"mainCategory":"Meat & Fish","categoryName":"Sausage & Bacon","subCategoryName":"Cooked Sausage","title":"Sweet Potato & Chicken Sausage (Hot Andouille Style)","producer":"Misfit Foods","photoPath":"https://goodeggs4.imgix.net/d508b84b-3326-4eed-96fc-7af9867336d6.jpg?w=380&h=238&fm=jpg&auto=compress&fit=crop","price":"6.99","pricePer":"$0.58 / oz","purchaseUnit":"12 oz"},{"mainCategory":"Meat & Fish","categoryName":"Sausage & Bacon","subCategoryName":"Cooked Sausage","title":"Good Morning Pork Breakfast Sausage (Frozen)","producer":"Keller Crafted Meats","photoPath":"https://goodeggs4.imgix.net/ee4415bb-43ec-4614-a616-a0b4bec55b7a.jpg?w=380&h=238&fm=jpg&auto=compress&fit=crop","price":"7.99","pricePer":"$0.79 / oz","purchaseUnit":"10 oz"},{"mainCategory":"Meat & Fish","categoryName":"Sausage & Bacon","subCategoryName":"Cooked Sausage","title":"Andouille Smoked Sausage","producer":"Fra' Mani Handcrafted Foods","photoPath":"https://goodeggs4.imgix.net/e59880a0-ac49-4d17-8273-fb838c3b65db.jpg?w=380&h=238&fm=jpg&auto=compress&fit=crop","price":"6.99","pricePer":"$9.32 / lb","purchaseUnit":"12 oz"},{"mainCategory":"Meat & Fish","categoryName":"Sausage & Bacon","subCategoryName":"Cooked Sausage","title":"Pork Bratwurst","producer":"Olympia Provisions","photoPath":"https://goodeggs4.imgix.net/fe0684af-6a26-41a7-a7a2-8ecd9f54b8d8.jpg?w=380&h=238&fm=jpg&auto=compress&fit=crop","price":"6.99","pricePer":"$9.32 / lb","purchaseUnit":"0.75 lb"},{"mainCategory":"Meat & Fish","categoryName":"Sausage & Bacon","subCategoryName":"Cooked Sausage","title":"Smoked Pork Kielbasa","producer":"Olympia Provisions","photoPath":"https://goodeggs4.imgix.net/c0820eec-535d-4ea9-9be8-aba7c2e97fc2.jpg?w=380&h=238&fm=jpg&auto=compress&fit=crop","price":"6.99","pricePer":"$9.32 / lb","purchaseUnit":"0.75 lb"},{"mainCategory":"Meat & Fish","categoryName":"Sausage & Bacon","subCategoryName":"Cooked Sausage","title":"Italian Pork Sausage","producer":"Olympia Provisions","photoPath":"https://goodeggs4.imgix.net/4c524824-0a5b-4162-a9c6-5a25181fc74e.jpg?w=380&h=238&fm=jpg&auto=compress&fit=crop","price":"7.99","pricePer":"$10.65 / lb","purchaseUnit":"0.75 lb"},{"mainCategory":"Meat & Fish","categoryName":"Sausage & Bacon","subCategoryName":"Cooked Sausage","title":"Apple Bacon Sausage (Frozen)","producer":"Keller Crafted Meats","photoPath":"https://goodeggs4.imgix.net/c546046d-ea2c-4b17-a34e-855500a3028a.jpg?w=380&h=238&fm=jpg&auto=compress&fit=crop","price":"7.99","pricePer":"$0.79 / oz","purchaseUnit":"10 oz"},{"mainCategory":"Meat & Fish","categoryName":"Sausage & Bacon","subCategoryName":"Cooked Sausage","title":"Hot Italian Pork Sausage (Frozen)","producer":"Keller Crafted Meats","photoPath":"https://goodeggs4.imgix.net/5c79ee59-f1e6-4f80-a05e-40e4570facbe.jpg?w=380&h=238&fm=jpg&auto=compress&fit=crop","price":"7.99","pricePer":"$12.78 / lb","purchaseUnit":"10 oz"},{"mainCategory":"Meat & Fish","categoryName":"Sausage & Bacon","subCategoryName":"Cooked Sausage","title":"Sweet Italian Pork Sausage (Frozen)","producer":"Keller Crafted Meats","photoPath":"https://goodeggs4.imgix.net/4067a2ec-ca99-41a1-b707-f6b40c3a81ea.jpg?w=380&h=238&fm=jpg&auto=compress&fit=crop","price":"7.99","pricePer":"$12.78 / lb","purchaseUnit":"10 oz"},{"mainCategory":"Meat & Fish","categoryName":"Sausage & Bacon","subCategoryName":"Chicken Sausage","title":"Organic Chicken Apple & Wildflower Honey Sausage","producer":"True Story Foods","photoPath":"https://goodeggs4.imgix.net/e78a277a-09a5-496d-ab07-2375eba7dea4.jpg?w=380&h=238&fm=jpg&auto=compress&fit=crop","price":"5.99","pricePer":"$9.58 / lb","purchaseUnit":"0.625 lb"},{"mainCategory":"Meat & Fish","categoryName":"Sausage & Bacon","subCategoryName":"Chicken Sausage","title":"Organic Sweet Italian Chicken Sausage","producer":"True Story Foods","photoPath":"https://goodeggs4.imgix.net/9307db97-ff3c-4fa7-b638-896521d2b557.jpg?w=380&h=238&fm=jpg&auto=compress&fit=crop","price":"5.99","pricePer":"$9.58 / lb","purchaseUnit":"0.625 lb"},{"mainCategory":"Meat & Fish","categoryName":"Sausage & Bacon","subCategoryName":"Chicken Sausage","title":"Chicken Garlic Sausages","producer":"Brooklyn Cured","photoPath":"https://goodeggs4.imgix.net/d50c3c37-be63-4816-81ce-d39eb9488a03.jpg?w=380&h=238&fm=jpg&auto=compress&fit=crop","price":"6.99","pricePer":"$9.32 / lb","purchaseUnit":"12 oz"},{"mainCategory":"Meat & Fish","categoryName":"Sausage & Bacon","subCategoryName":"Chicken Sausage","title":"Citrus Kale & Chicken Sausage (Chimichurri Style)","producer":"Misfit Foods","photoPath":"https://goodeggs4.imgix.net/5c3104bb-6755-438e-8900-3afde7acaaec.jpg?w=380&h=238&fm=jpg&auto=compress&fit=crop","price":"6.99","pricePer":"$0.58 / oz","purchaseUnit":"12 oz"},{"mainCategory":"Meat & Fish","categoryName":"Sausage & Bacon","subCategoryName":"Chicken Sausage","title":"Curry Carrot & Chicken Sausage (Lao Style)","producer":"Misfit Foods","photoPath":"https://goodeggs4.imgix.net/7efdef61-7d32-11eb-8994-e1a9d560c915?w=380&h=238&fm=jpg&auto=compress&fit=crop","price":"6.99","pricePer":"$0.58 / oz","purchaseUnit":"12 oz"},{"mainCategory":"Meat & Fish","categoryName":"Sausage & Bacon","subCategoryName":"Chicken Sausage","title":"Sweet Potato & Chicken Sausage (Hot Andouille Style)","producer":"Misfit Foods","photoPath":"https://goodeggs4.imgix.net/d508b84b-3326-4eed-96fc-7af9867336d6.jpg?w=380&h=238&fm=jpg&auto=compress&fit=crop","price":"6.99","pricePer":"$0.58 / oz","purchaseUnit":"12 oz"},{"mainCategory":"Meat & Fish","categoryName":"Sausage & Bacon","subCategoryName":"Chicken Sausage","title":"Turkey Breakfast Sausage (Frozen)","producer":"Diestel Turkey","photoPath":"https://goodeggs4.imgix.net/d7b598f1-9344-498c-966d-cc5faf99f725.jpg?w=380&h=238&fm=jpg&auto=compress&fit=crop","price":"7.29","pricePer":"$7.29 / lb","purchaseUnit":"16 oz"},{"mainCategory":"Meat & Fish","categoryName":"Sausage & Bacon","subCategoryName":"Chicken Sausage","title":"Turkey Chorizo","producer":"Diestel Turkey","photoPath":"https://goodeggs4.imgix.net/8084ad1e-a9ec-4a8a-ac5b-ba34a78edab4.jpg?w=380&h=238&fm=jpg&auto=compress&fit=crop","price":"6.49","pricePer":"$6.49 / lb","purchaseUnit":"1 lb"},{"mainCategory":"Meat & Fish","categoryName":"Sausage & Bacon","subCategoryName":"Breakfast Sausage","title":"Good Morning Pork Breakfast Sausage (Frozen)","producer":"Keller Crafted Meats","photoPath":"https://goodeggs4.imgix.net/ee4415bb-43ec-4614-a616-a0b4bec55b7a.jpg?w=380&h=238&fm=jpg&auto=compress&fit=crop","price":"7.99","pricePer":"$0.79 / oz","purchaseUnit":"10 oz"},{"mainCategory":"Meat & Fish","categoryName":"Sausage & Bacon","subCategoryName":"Breakfast Sausage","title":"Pastured Pork Breakfast Sausage (Frozen)","producer":"Rancho Llano Seco","photoPath":"https://goodeggs4.imgix.net/11445aab-3e99-4184-bdbf-bafaa382992e.jpg?w=380&h=238&fm=jpg&auto=compress&fit=crop","price":"6.99","pricePer":"$9.32 / lb","purchaseUnit":"0.75 lb"},{"mainCategory":"Meat & Fish","categoryName":"Sausage & Bacon","subCategoryName":"Breakfast Sausage","title":"Turkey Breakfast Sausage (Frozen)","producer":"Diestel Turkey","photoPath":"https://goodeggs4.imgix.net/d7b598f1-9344-498c-966d-cc5faf99f725.jpg?w=380&h=238&fm=jpg&auto=compress&fit=crop","price":"7.29","pricePer":"$7.29 / lb","purchaseUnit":"16 oz"},{"mainCategory":"Meat & Fish","categoryName":"Sausage & Bacon","subCategoryName":"Breakfast Sausage","title":"Apple Bacon Sausage (Frozen)","producer":"Keller Crafted Meats","photoPath":"https://goodeggs4.imgix.net/c546046d-ea2c-4b17-a34e-855500a3028a.jpg?w=380&h=238&fm=jpg&auto=compress&fit=crop","price":"7.99","pricePer":"$0.79 / oz","purchaseUnit":"10 oz"},{"mainCategory":"Meat & Fish","categoryName":"Sausage & Bacon","subCategoryName":"Beef & Lamb Sausage","title":"Grass-Fed Lamb Merguez (Frozen)","producer":"Fabrique Délices","photoPath":"https://goodeggs4.imgix.net/133e30e4-8622-49ca-a2aa-074be7ea9ba9.jpg?w=380&h=238&fm=jpg&auto=compress&fit=crop","price":"10.99","pricePer":"$0.91 / oz","purchaseUnit":"12 oz"},{"mainCategory":"Meat & Fish","categoryName":"Sausage & Bacon","subCategoryName":"Beef & Lamb Sausage","title":"Smoked Beef Kielbasa","producer":"Brooklyn Cured","photoPath":"https://goodeggs4.imgix.net/38140cfa-a934-4d21-953b-4b5e5270167b.jpg?w=380&h=238&fm=jpg&auto=compress&fit=crop","price":"6.99","pricePer":"$0.58 / oz","purchaseUnit":"12 oz"},{"mainCategory":"Meat & Fish","categoryName":"Sausage & Bacon","subCategoryName":"Beef & Lamb Sausage","title":"Beet Gochujang and Beef (Korean BBQ Style Ground Beef Mix) (Frozen)","producer":"Misfit Foods","photoPath":"https://goodeggs4.imgix.net/7efdef62-7d32-11eb-8994-e1a9d560c915?w=380&h=238&fm=jpg&auto=compress&fit=crop","price":"7.99","pricePer":"$0.49 / oz","purchaseUnit":"16 oz"},{"mainCategory":"Meat & Fish","categoryName":"Sausage & Bacon","subCategoryName":"Beef & Lamb Sausage","title":"Curry Carrot and Beef (Lao Style Ground Beef Mix) (Frozen)","producer":"Misfit Foods","photoPath":"https://goodeggs4.imgix.net/7efdef60-7d32-11eb-8994-e1a9d560c915?w=380&h=238&fm=jpg&auto=compress&fit=crop","price":"7.99","pricePer":"$0.49 / oz","purchaseUnit":"16 oz"},{"mainCategory":"Meat & Fish","categoryName":"Sausage & Bacon","subCategoryName":"Pork Sausage","title":"Andouille Smoked Sausage","producer":"Fra' Mani Handcrafted Foods","photoPath":"https://goodeggs4.imgix.net/e59880a0-ac49-4d17-8273-fb838c3b65db.jpg?w=380&h=238&fm=jpg&auto=compress&fit=crop","price":"6.99","pricePer":"$9.32 / lb","purchaseUnit":"12 oz"},{"mainCategory":"Meat & Fish","categoryName":"Sausage & Bacon","subCategoryName":"Pork Sausage","title":"Hot Italian Pork Sausage (Frozen)","producer":"Keller Crafted Meats","photoPath":"https://goodeggs4.imgix.net/5c79ee59-f1e6-4f80-a05e-40e4570facbe.jpg?w=380&h=238&fm=jpg&auto=compress&fit=crop","price":"7.99","pricePer":"$12.78 / lb","purchaseUnit":"10 oz"},{"mainCategory":"Meat & Fish","categoryName":"Sausage & Bacon","subCategoryName":"Pork Sausage","title":"Pork Bockwurst Sausage (Frozen)","producer":"Keller Crafted Meats","photoPath":"https://goodeggs4.imgix.net/3d21abcf-70fd-496c-b5cd-6aa252c008ec.jpg?w=380&h=238&fm=jpg&auto=compress&fit=crop","price":"7.99","pricePer":"$0.66 / oz","purchaseUnit":"12 oz"},{"mainCategory":"Meat & Fish","categoryName":"Sausage & Bacon","subCategoryName":"Pork Sausage","title":"Pork Bratwurst Sausage","producer":"Brooklyn Cured","photoPath":"https://goodeggs4.imgix.net/1d0f8987-603f-4a98-b68c-220d7c46e642.jpg?w=380&h=238&fm=jpg&auto=compress&fit=crop","price":"6.99","pricePer":"$0.58 / oz","purchaseUnit":"12 oz"},{"mainCategory":"Meat & Fish","categoryName":"Sausage & Bacon","subCategoryName":"Pork Sausage","title":"Hot Italian Pork Sausage","producer":"Brooklyn Cured","photoPath":"https://goodeggs4.imgix.net/8820cd53-cb5f-4e64-b38d-0e8f17b17e57.jpg?w=380&h=238&fm=jpg&auto=compress&fit=crop","price":"6.99","pricePer":"$0.58 / oz","purchaseUnit":"12 oz"},{"mainCategory":"Meat & Fish","categoryName":"Sausage & Bacon","subCategoryName":"Pork Sausage","title":"Pork Andouille Sausage (Frozen)","producer":"Fatted Calf Charcuterie","photoPath":"https://goodeggs4.imgix.net/8e97a637-70fc-4b13-80f3-360289f6abfe.jpg?w=380&h=238&fm=jpg&auto=compress&fit=crop","price":"14.99","pricePer":"$19.98 / lb","purchaseUnit":"0.75 lb"},{"mainCategory":"Meat & Fish","categoryName":"Sausage & Bacon","subCategoryName":"Pork Sausage","title":"Sweet Italian Pork Sausage (Frozen)","producer":"Sonoma County Meat Co.","photoPath":"https://goodeggs4.imgix.net/1cff7ea2-184c-4b24-afae-15799f09d3b6.jpg?w=380&h=238&fm=jpg&auto=compress&fit=crop","price":"4.99","pricePer":"$9.98 / lb","purchaseUnit":"0.5 lb"},{"mainCategory":"Meat & Fish","categoryName":"Sausage & Bacon","subCategoryName":"Pork Sausage","title":"Bulk Sweet Italian Pork Sausage","producer":"Sonoma County Meat Co.","photoPath":"https://goodeggs4.imgix.net/1cff7ea2-184c-4b24-afae-15799f09d3b6.jpg?w=380&h=238&fm=jpg&auto=compress&fit=crop","price":"9.99","pricePer":"$13.32 / lb","purchaseUnit":"0.75 lb"},{"mainCategory":"Meat & Fish","categoryName":"Sausage & Bacon","subCategoryName":"Pork Sausage","title":"Sweet Italian Pork Sausage Links","producer":"Sonoma County Meat Co.","photoPath":"https://goodeggs4.imgix.net/9e82f0a4-e106-4a55-8671-2cc30e7cd532.jpg?w=380&h=238&fm=jpg&auto=compress&fit=crop","price":"8.99","pricePer":"$12.84 / lb","purchaseUnit":"0.7 lb"},{"mainCategory":"Meat & Fish","categoryName":"Sausage & Bacon","subCategoryName":"Pork Sausage","title":"Pork Bratwurst","producer":"Sonoma County Meat Co.","photoPath":"https://goodeggs4.imgix.net/4b4b40b7-c46c-41b3-a123-5662d9a72d66.jpg?w=380&h=238&fm=jpg&auto=compress&fit=crop","price":"10.99","pricePer":"$14.65 / lb","purchaseUnit":"0.75 lb"},{"mainCategory":"Meat & Fish","categoryName":"Sausage & Bacon","subCategoryName":"Pork Sausage","title":"Thai Coconut Pork Sausages (Frozen)","producer":"Sonoma County Meat Co.","photoPath":"https://goodeggs4.imgix.net/786ed71d-b03d-4f62-a9b9-dcd9da804333.jpg?w=380&h=238&fm=jpg&auto=compress&fit=crop","price":"14.99","pricePer":"$14.99 / lb","purchaseUnit":"1 lb"},{"mainCategory":"Meat & Fish","categoryName":"Sausage & Bacon","subCategoryName":"Pork Sausage","title":"Pork Chorizo Sausages (Frozen)","producer":"Sonoma County Meat Co.","photoPath":"https://goodeggs4.imgix.net/bee58309-ee9c-444d-8dbe-4eafab5573bb.jpg?w=380&h=238&fm=jpg&auto=compress&fit=crop","price":"7.99","pricePer":"$11.41 / lb","purchaseUnit":"0.7 lb"},{"mainCategory":"Meat & Fish","categoryName":"Sausage & Bacon","subCategoryName":"Pork Sausage","title":"Pork Chorizo Sausages (Frozen)","producer":"Sonoma County Meat Co.","photoPath":"https://goodeggs4.imgix.net/bee58309-ee9c-444d-8dbe-4eafab5573bb.jpg?w=380&h=238&fm=jpg&auto=compress&fit=crop","price":"10.99","pricePer":"$12.21 / lb","purchaseUnit":"0.9 lb"},{"mainCategory":"Meat & Fish","categoryName":"Sausage & Bacon","subCategoryName":"Pork Sausage","title":"Pork Bratwurst (Frozen)","producer":"Sonoma County Meat Co.","photoPath":"https://goodeggs4.imgix.net/7171bc99-0c10-442a-9c33-f1ddf4c20c46.jpg?w=380&h=238&fm=jpg&auto=compress&fit=crop","price":"10.99","pricePer":"$14.65 / lb","purchaseUnit":"0.75 lb"},{"mainCategory":"Meat & Fish","categoryName":"Sausage & Bacon","subCategoryName":"Pork Sausage","title":"Bulk Thai Coconut Pork Sausage (Frozen)","producer":"Sonoma County Meat Co.","photoPath":"https://goodeggs4.imgix.net/90c5fc09-a784-4219-8cc6-3152c7c80818.jpg?w=380&h=238&fm=jpg&auto=compress&fit=crop","price":"6.99","pricePer":"$13.98 / lb","purchaseUnit":"0.5 lb"},{"mainCategory":"Meat & Fish","categoryName":"Sausage & Bacon","subCategoryName":"Pork Sausage","title":"Sweet Italian Pork Sausage Links","producer":"Sonoma County Meat Co.","photoPath":"https://goodeggs4.imgix.net/9e82f0a4-e106-4a55-8671-2cc30e7cd532.jpg?w=380&h=238&fm=jpg&auto=compress&fit=crop","price":"10.99","pricePer":"$12.21 / lb","purchaseUnit":"0.9 lb"},{"mainCategory":"Meat & Fish","categoryName":"Sausage & Bacon","subCategoryName":"Pork Sausage","title":"Chicken Chorizo Sausage","producer":"Brooklyn Cured","photoPath":"https://goodeggs4.imgix.net/deb4e7cc-58e6-42c0-8f51-46b70a297de7.jpg?w=380&h=238&fm=jpg&auto=compress&fit=crop","price":"6.99","pricePer":"$0.58 / oz","purchaseUnit":"12 oz"},{"mainCategory":"Meat & Fish","categoryName":"Beef","subCategoryName":"Ground, Cut & Stew Beef","title":"Grass-Fed Ground Beef 80/20","producer":"Stemple Creek Ranch","photoPath":"https://goodeggs4.imgix.net/95c3aa8b-6537-46ee-a697-3d27279c0ccb.jpg?w=380&h=238&fm=jpg&auto=compress&fit=crop","price":"10.99","pricePer":"$10.99 / lb","purchaseUnit":"1 lb"},{"mainCategory":"Meat & Fish","categoryName":"Beef","subCategoryName":"Ground, Cut & Stew Beef","title":"Grass-Fed Beef Burger Patties 3-Pack (Frozen)","producer":"Stemple Creek Ranch","photoPath":"https://goodeggs4.imgix.net/5cb9b499-b5e2-4f20-91d6-e9991f0d5f71.jpg?w=380&h=238&fm=jpg&auto=compress&fit=crop","price":"12.99","pricePer":"$12.99 / lb","purchaseUnit":"1 lb"},{"mainCategory":"Meat & Fish","categoryName":"Beef","subCategoryName":"Ground, Cut & Stew Beef","title":"Ground Beef 80/20","producer":"Cream Co. Meats","photoPath":"https://goodeggs4.imgix.net/5879b932-caec-498f-96d4-39ae753ef406.jpg?w=380&h=238&fm=jpg&auto=compress&fit=crop","price":"8.99","pricePer":"$8.99 / lb","purchaseUnit":"1 lb"},{"mainCategory":"Meat & Fish","categoryName":"Beef","subCategoryName":"Ground, Cut & Stew Beef","title":"Bulk Ground Beef 80/20","producer":"Cream Co. Meats","photoPath":"https://goodeggs4.imgix.net/2402155c-635b-417f-b203-718bcfe221ad.jpg?w=380&h=238&fm=jpg&auto=compress&fit=crop","price":"23.99","pricePer":"$7.99 / lb","purchaseUnit":"3 lb"},{"mainCategory":"Meat & Fish","categoryName":"Beef","subCategoryName":"Ground, Cut & Stew Beef","title":"Beef Stew Meat","producer":"Cream Co. Meats","photoPath":"https://goodeggs4.imgix.net/68064a4f-d9c4-4b2f-8b3c-d4a2cf7b8b23.jpg?w=380&h=238&fm=jpg&auto=compress&fit=crop","price":"19.99","pricePer":"$9.99 / lb","purchaseUnit":"2 lb"},{"mainCategory":"Meat & Fish","categoryName":"Beef","subCategoryName":"Ground, Cut & Stew Beef","title":"Beef Burger Patties","producer":"Cream Co. Meats","photoPath":"https://goodeggs4.imgix.net/80e89320-dc94-4e88-8766-dd9a853c0fe5.jpg?w=380&h=238&fm=jpg&auto=compress&fit=crop","price":"12.99","pricePer":"$10.39 / lb","purchaseUnit":"1.25 lb"},{"mainCategory":"Meat & Fish","categoryName":"Beef","subCategoryName":"Ground, Cut & Stew Beef","title":"Beet Gochujang and Beef (Korean BBQ Style Ground Beef Mix) (Frozen)","producer":"Misfit Foods","photoPath":"https://goodeggs4.imgix.net/7efdef62-7d32-11eb-8994-e1a9d560c915?w=380&h=238&fm=jpg&auto=compress&fit=crop","price":"7.99","pricePer":"$0.49 / oz","purchaseUnit":"16 oz"},{"mainCategory":"Meat & Fish","categoryName":"Beef","subCategoryName":"Ground, Cut & Stew Beef","title":"Curry Carrot and Beef (Lao Style Ground Beef Mix) (Frozen)","producer":"Misfit Foods","photoPath":"https://goodeggs4.imgix.net/7efdef60-7d32-11eb-8994-e1a9d560c915?w=380&h=238&fm=jpg&auto=compress&fit=crop","price":"7.99","pricePer":"$0.49 / oz","purchaseUnit":"16 oz"},{"mainCategory":"Meat & Fish","categoryName":"Beef","subCategoryName":"Ground, Cut & Stew Beef","title":"Grass-Fed Beef Stew Meat (Frozen)","producer":"Mariposa Ranch","photoPath":"https://goodeggs4.imgix.net/0a63ba24-2665-4079-b65c-eae7909e791a.jpg?w=380&h=238&fm=jpg&auto=compress&fit=crop","price":"12.99","pricePer":"$12.99 / lb","purchaseUnit":"1 lb"},{"mainCategory":"Meat & Fish","categoryName":"Beef","subCategoryName":"Ground, Cut & Stew Beef","title":"Grass-Fed Beef Steak Kebab (Frozen)","producer":"Twisted Horn Ranch","photoPath":"https://goodeggs4.imgix.net/c1bb47d9-1b8a-4cfb-86cf-e5708ee06831.jpg?w=380&h=238&fm=jpg&auto=compress&fit=crop","price":"24.99","pricePer":"$24.99 / lb","purchaseUnit":"1 lb"},{"mainCategory":"Meat & Fish","categoryName":"Beef","subCategoryName":"Ground, Cut & Stew Beef","title":"Coarse Ground Chuck Roll 85/15","producer":"Cream Co. Meats","photoPath":"https://goodeggs4.imgix.net/5879b932-caec-498f-96d4-39ae753ef406.jpg?w=380&h=238&fm=jpg&auto=compress&fit=crop","price":"9.99","pricePer":"$9.99 / lb","purchaseUnit":"1 lb"},{"mainCategory":"Meat & Fish","categoryName":"Beef","subCategoryName":"Ground, Cut & Stew Beef","title":"Grass-Fed Mixed Beef Box (Frozen)","producer":"Healthy Food Inc. Meal Kits","photoPath":"https://goodeggs4.imgix.net/d7cabf1a-0a43-4f7c-82bb-6951907f3a4a.jpg?w=380&h=238&fm=jpg&auto=compress&fit=crop","price":"99.99","pricePer":"$17.38 / lb","purchaseUnit":"5.75 lb"},{"mainCategory":"Meat & Fish","categoryName":"Beef","subCategoryName":"Ground, Cut & Stew Beef","title":"Grass-Fed Mixed Beef Box (Frozen)","producer":"Mariposa Ranch","photoPath":"https://goodeggs4.imgix.net/a849d310-5c5f-4427-a6d5-67edd4d44772.jpg?w=380&h=238&fm=jpg&auto=compress&fit=crop","price":"159.99","pricePer":"$17.77 / lb","purchaseUnit":"9 lb"},{"mainCategory":"Meat & Fish","categoryName":"Beef","subCategoryName":"Beef Ribs & Shanks","title":"Grass-Fed Korean Cut Beef Short Ribs","producer":"Stemple Creek Ranch","photoPath":"https://goodeggs4.imgix.net/5b7f57b1-dcef-4a83-b318-c18712594df7.jpg?w=380&h=238&fm=jpg&auto=compress&fit=crop","price":"12.99","pricePer":"$12.99 / lb","purchaseUnit":"1 lb"},{"mainCategory":"Meat & Fish","categoryName":"Beef","subCategoryName":"Beef Ribs & Shanks","title":"Grass-Fed Korean Cut Beef Short Ribs (Frozen)","producer":"Stemple Creek Ranch","photoPath":"https://goodeggs4.imgix.net/5b7f57b1-dcef-4a83-b318-c18712594df7.jpg?w=380&h=238&fm=jpg&auto=compress&fit=crop","price":"12.99","pricePer":"$12.99 / lb","purchaseUnit":"1 lb"},{"mainCategory":"Meat & Fish","categoryName":"Beef","subCategoryName":"Beef Ribs & Shanks","title":"Grass-Fed Korean Cut Beef Short Ribs (Frozen)","producer":"Stemple Creek Ranch","photoPath":"https://goodeggs4.imgix.net/5b7f57b1-dcef-4a83-b318-c18712594df7.jpg?w=380&h=238&fm=jpg&auto=compress&fit=crop","price":"16.99","pricePer":"$13.59 / lb","purchaseUnit":"1.25 lb"},{"mainCategory":"Meat & Fish","categoryName":"Beef","subCategoryName":"Beef Ribs & Shanks","title":"English Cut Beef Short Ribs","producer":"Cream Co. Meats","photoPath":"https://goodeggs4.imgix.net/14fd76b3-bb3a-411d-aca1-0feb7a1a2978.jpg?w=380&h=238&fm=jpg&auto=compress&fit=crop","price":"14.99","pricePer":"$9.99 / lb","purchaseUnit":"1.5 lb"},{"mainCategory":"Meat & Fish","categoryName":"Beef","subCategoryName":"Beef Ribs & Shanks","title":"English Cut Beef Short Ribs","producer":"Cream Co. Meats","photoPath":"https://goodeggs4.imgix.net/14fd76b3-bb3a-411d-aca1-0feb7a1a2978.jpg?w=380&h=238&fm=jpg&auto=compress&fit=crop","price":"12.99","pricePer":"$10.39 / lb","purchaseUnit":"1.25 lb"},{"mainCategory":"Meat & Fish","categoryName":"Beef","subCategoryName":"Beef Ribs & Shanks","title":"Grass-Fed English Cut Beef Short Ribs (Frozen)","producer":"Stemple Creek Ranch","photoPath":"https://goodeggs4.imgix.net/e15dabc4-0113-4f54-8e9c-5f280511b3bf.jpg?w=380&h=238&fm=jpg&auto=compress&fit=crop","price":"29.99","pricePer":"$13.32 / lb","purchaseUnit":"2.25 lb"},{"mainCategory":"Meat & Fish","categoryName":"Beef","subCategoryName":"Beef Ribs & Shanks","title":"Grass-Fed English Cut Beef Short Ribs (Frozen)","producer":"Twisted Horn Ranch","photoPath":"https://goodeggs4.imgix.net/9e598b97-3755-4a2f-8d2d-a764b688b23c.jpg?w=380&h=238&fm=jpg&auto=compress&fit=crop","price":"25.99","pricePer":"$12.99 / lb","purchaseUnit":"2 lb"},{"mainCategory":"Meat & Fish","categoryName":"Beef","subCategoryName":"Beef Ribs & Shanks","title":"Boneless Beef Short Ribs","producer":"Cream Co. Meats","photoPath":"https://goodeggs4.imgix.net/82aca54d-c7ce-4588-95a5-672e8ebc6017.jpg?w=380&h=238&fm=jpg&auto=compress&fit=crop","price":"25.99","pricePer":"$12.99 / lb","purchaseUnit":"2 lb"},{"mainCategory":"Meat & Fish","categoryName":"Beef","subCategoryName":"Filets","title":"Grass-Fed Beef Petit Tender (Frozen)","producer":"Stemple Creek Ranch","photoPath":"https://goodeggs4.imgix.net/1b4527cf-15be-4c57-8ec7-35837aa000ba.jpg?w=380&h=238&fm=jpg&auto=compress&fit=crop","price":"11.49","pricePer":"$22.98 / lb","purchaseUnit":"0.5 lb"},{"mainCategory":"Meat & Fish","categoryName":"Beef","subCategoryName":"Filets","title":"Filet Mignon","producer":"Cream Co. Meats","photoPath":"https://goodeggs4.imgix.net/1d99b2e0-d05b-4817-9676-7a4783e69331.jpg?w=380&h=238&fm=jpg&auto=compress&fit=crop","price":"27.99","pricePer":"$27.99 / lb","purchaseUnit":"1 lb"},{"mainCategory":"Meat & Fish","categoryName":"Beef","subCategoryName":"Filets","title":"Filet Mignon","producer":"Sonoma County Meat Co.","photoPath":"https://goodeggs4.imgix.net/69b8c2ce-9475-46bb-a950-5726a255416b.jpg?w=380&h=238&fm=jpg&auto=compress&fit=crop","price":"20.99","pricePer":"$27.98 / lb","purchaseUnit":"0.75 lb"},{"mainCategory":"Meat & Fish","categoryName":"Beef","subCategoryName":"Filets","title":"Filet Mignon (Frozen)","producer":"Creekstone Farms","photoPath":"https://goodeggs4.imgix.net/90e82975-2431-4d6b-9a13-d2d0f73ecfbe.jpg?w=380&h=238&fm=jpg&auto=compress&fit=crop","price":"20.99","pricePer":"$27.98 / lb","purchaseUnit":"0.75 lb"},{"mainCategory":"Meat & Fish","categoryName":"Beef","subCategoryName":"Filets","title":"Filet Mignon","producer":"Cream Co. Meats","photoPath":"https://goodeggs4.imgix.net/1d99b2e0-d05b-4817-9676-7a4783e69331.jpg?w=380&h=238&fm=jpg&auto=compress&fit=crop","price":"34.99","pricePer":"$27.99 / lb","purchaseUnit":"1.25 lb"},{"mainCategory":"Meat & Fish","categoryName":"Beef","subCategoryName":"Filets","title":"Grass-Fed Filet Mignon (Frozen)","producer":"Mariposa Ranch","photoPath":"https://goodeggs4.imgix.net/793a5350-f2f0-4f4d-835e-fdcaaf52e502.jpg?w=380&h=238&fm=jpg&auto=compress&fit=crop","price":"14.99","pricePer":"$29.98 / lb","purchaseUnit":"0.5 lb"},{"mainCategory":"Meat & Fish","categoryName":"Beef","subCategoryName":"Sirloin Steaks","title":"Grass-Fed Beef Top Sirloin Steak (Frozen)","producer":"Stemple Creek Ranch","photoPath":"https://goodeggs4.imgix.net/9c09c0af-eb3a-426f-ae71-8dc3a7a599c2.jpg?w=380&h=238&fm=jpg&auto=compress&fit=crop","price":"7.99","pricePer":"$15.98 / lb","purchaseUnit":"0.5 lb"},{"mainCategory":"Meat & Fish","categoryName":"Beef","subCategoryName":"Sirloin Steaks","title":"Grass-Fed Beef Top Sirloin Steak (Frozen)","producer":"Stemple Creek Ranch","photoPath":"https://goodeggs4.imgix.net/9c09c0af-eb3a-426f-ae71-8dc3a7a599c2.jpg?w=380&h=238&fm=jpg&auto=compress&fit=crop","price":"11.99","pricePer":"$15.98 / lb","purchaseUnit":"0.75 lb"},{"mainCategory":"Meat & Fish","categoryName":"Beef","subCategoryName":"Sirloin Steaks","title":"Beef Carne Asada","producer":"Sonoma County Meat Co.","photoPath":"https://goodeggs4.imgix.net/702c19b1-b9fd-4cb9-bad0-8a4210ab51cb.jpg?w=380&h=238&fm=jpg&auto=compress&fit=crop","price":"12.99","pricePer":"$12.99 / lb","purchaseUnit":"1 lb"},{"mainCategory":"Meat & Fish","categoryName":"Beef","subCategoryName":"Sirloin Steaks","title":"Grass-Fed Coulotte Steak","producer":"Stemple Creek Ranch","photoPath":"https://goodeggs4.imgix.net/35346dc6-5da5-4599-bc6e-ec216466c934.jpg?w=380&h=238&fm=jpg&auto=compress&fit=crop","price":"12.99","pricePer":"$12.99 / lb","purchaseUnit":"1 lb"},{"mainCategory":"Meat & Fish","categoryName":"Beef","subCategoryName":"Sirloin Steaks","title":"Grass-Fed Mixed Beef Box (Frozen)","producer":"Mariposa Ranch","photoPath":"https://goodeggs4.imgix.net/a849d310-5c5f-4427-a6d5-67edd4d44772.jpg?w=380&h=238&fm=jpg&auto=compress&fit=crop","price":"159.99","pricePer":"$17.77 / lb","purchaseUnit":"9 lb"},{"mainCategory":"Meat & Fish","categoryName":"Beef","subCategoryName":"Sirloin Steaks","title":"Grass-Fed Beef Top Sirloin Steak","producer":"Stemple Creek Ranch","photoPath":"https://goodeggs4.imgix.net/9c09c0af-eb3a-426f-ae71-8dc3a7a599c2.jpg?w=380&h=238&fm=jpg&auto=compress&fit=crop","price":"11.99","pricePer":"$15.98 / lb","purchaseUnit":"0.75 lb"},{"mainCategory":"Meat & Fish","categoryName":"Beef","subCategoryName":"T-Bone & Porterhouse Steaks","title":"Beef Porterhouse Steak","producer":"Cream Co. Meats","photoPath":"https://goodeggs4.imgix.net/77e413ef-4e17-45fc-81ff-6da4c4bfd66f.jpg?w=380&h=238&fm=jpg&auto=compress&fit=crop","price":"32.99","pricePer":"$21.99 / lb","purchaseUnit":"1.5 lb"},{"mainCategory":"Meat & Fish","categoryName":"Beef","subCategoryName":"Skirt Steaks","title":"Grass-Fed Outside Skirt Steak","producer":"Stemple Creek Ranch","photoPath":"https://goodeggs4.imgix.net/e86cddc8-b9f9-419f-ab63-087d6f1d7491.jpg?w=380&h=238&fm=jpg&auto=compress&fit=crop","price":"17.99","pricePer":"$17.99 / lb","purchaseUnit":"1 lb"},{"mainCategory":"Meat & Fish","categoryName":"Beef","subCategoryName":"Skirt Steaks","title":"Beef Outside Skirt Steak","producer":"Cream Co. Meats","photoPath":"https://goodeggs4.imgix.net/7009596f-4c64-4178-be00-c7dfca158084.jpg?w=380&h=238&fm=jpg&auto=compress&fit=crop","price":"7.99","pricePer":"$15.98 / lb","purchaseUnit":"0.5 lb"},{"mainCategory":"Meat & Fish","categoryName":"Beef","subCategoryName":"Skirt Steaks","title":"Beef Hanger Steak (Frozen)","producer":"Sonoma County Meat Co.","photoPath":"https://goodeggs4.imgix.net/716cc4ed-64a1-4d01-a99c-1bdf114c571a.jpg?w=380&h=238&fm=jpg&auto=compress&fit=crop","price":"17.99","pricePer":"$17.99 / lb","purchaseUnit":"1 lb"},{"mainCategory":"Meat & Fish","categoryName":"Beef","subCategoryName":"Skirt Steaks","title":"Grass-Fed Mixed Beef Box (Frozen)","producer":"Mariposa Ranch","photoPath":"https://goodeggs4.imgix.net/a849d310-5c5f-4427-a6d5-67edd4d44772.jpg?w=380&h=238&fm=jpg&auto=compress&fit=crop","price":"159.99","pricePer":"$17.77 / lb","purchaseUnit":"9 lb"},{"mainCategory":"Meat & Fish","categoryName":"Beef","subCategoryName":"Ribeye Steaks","title":"Boneless Beef Rib Eye Steak","producer":"Cream Co. Meats","photoPath":"https://goodeggs4.imgix.net/83cbacb4-6454-4263-ba0b-bb9971e4c1ef.jpg?w=380&h=238&fm=jpg&auto=compress&fit=crop","price":"16.99","pricePer":"$22.65 / lb","purchaseUnit":"0.75 lb"},{"mainCategory":"Meat & Fish","categoryName":"Beef","subCategoryName":"Ribeye Steaks","title":"Grass-Fed Boneless Beef Rib Eye Steak (Frozen)","producer":"Mariposa Ranch","photoPath":"https://goodeggs4.imgix.net/13932218-847e-4305-b42b-5f19e6eab617.jpg?w=380&h=238&fm=jpg&auto=compress&fit=crop","price":"18.99","pricePer":"$25.32 / lb","purchaseUnit":"0.75 lb"},{"mainCategory":"Meat & Fish","categoryName":"Beef","subCategoryName":"Ribeye Steaks","title":"Boneless Beef Rib Eye Steak (Frozen)","producer":"Keller Crafted Meats","photoPath":"https://goodeggs4.imgix.net/3f7bc24a-1905-4edf-acec-9e267ee243e4.jpg?w=380&h=238&fm=jpg&auto=compress&fit=crop","price":"21.99","pricePer":"$21.99 / lb","purchaseUnit":"1 lb"},{"mainCategory":"Meat & Fish","categoryName":"Beef","subCategoryName":"Ribeye Steaks","title":"Grass-Fed Boneless Beef Rib Eye Steak","producer":"Stemple Creek Ranch","photoPath":"https://goodeggs4.imgix.net/83cbacb4-6454-4263-ba0b-bb9971e4c1ef.jpg?w=380&h=238&fm=jpg&auto=compress&fit=crop","price":"29.99","pricePer":"$29.99 / lb","purchaseUnit":"1.25 lb"},{"mainCategory":"Meat & Fish","categoryName":"Beef","subCategoryName":"Ribeye Steaks","title":"Grass-Fed Boneless Beef Rib Eye Steak (Frozen)","producer":"Stemple Creek Ranch","photoPath":"https://goodeggs4.imgix.net/83cbacb4-6454-4263-ba0b-bb9971e4c1ef.jpg?w=380&h=238&fm=jpg&auto=compress&fit=crop","price":"29.99","pricePer":"$29.99 / lb","purchaseUnit":"1 lb"},{"mainCategory":"Meat & Fish","categoryName":"Beef","subCategoryName":"Ribeye Steaks","title":"Grass-Fed Bone-In Beef Rib Eye Steak (Frozen)","producer":"Stemple Creek Ranch","photoPath":"https://goodeggs4.imgix.net/e5d129b8-10e8-4fe9-b0e9-28b9246520bf.jpg?w=380&h=238&fm=jpg&auto=compress&fit=crop","price":"31.99","pricePer":"$25.59 / lb","purchaseUnit":"1.25 lb"},{"mainCategory":"Meat & Fish","categoryName":"Beef","subCategoryName":"Ribeye Steaks","title":"Grass-Fed Bone-In Beef Rib Eye Steak (Frozen)","producer":"Twisted Horn Ranch","photoPath":"https://goodeggs4.imgix.net/cd2b0c3b-5bf9-45cc-95a1-bfc20254c55a.jpg?w=380&h=238&fm=jpg&auto=compress&fit=crop","price":"31.99","pricePer":"$25.59 / lb","purchaseUnit":"1.25 lb"},{"mainCategory":"Meat & Fish","categoryName":"Beef","subCategoryName":"Ribeye Steaks","title":"Grass-Fed Mixed Beef Box (Frozen)","producer":"Healthy Food Inc. Meal Kits","photoPath":"https://goodeggs4.imgix.net/d7cabf1a-0a43-4f7c-82bb-6951907f3a4a.jpg?w=380&h=238&fm=jpg&auto=compress&fit=crop","price":"99.99","pricePer":"$17.38 / lb","purchaseUnit":"5.75 lb"},{"mainCategory":"Meat & Fish","categoryName":"Beef","subCategoryName":"Ribeye Steaks","title":"Grass-Fed Mixed Beef Box (Frozen)","producer":"Mariposa Ranch","photoPath":"https://goodeggs4.imgix.net/a849d310-5c5f-4427-a6d5-67edd4d44772.jpg?w=380&h=238&fm=jpg&auto=compress&fit=crop","price":"159.99","pricePer":"$17.77 / lb","purchaseUnit":"9 lb"},{"mainCategory":"Meat & Fish","categoryName":"Beef","subCategoryName":"Flank & Flap Steaks","title":"Grass-Fed Beef Carne Asada","producer":"Stemple Creek Ranch","photoPath":"https://goodeggs4.imgix.net/8a67874d-7a6b-46c8-aea7-7a4d349ecfe4.jpg?w=380&h=238&fm=jpg&auto=compress&fit=crop","price":"14.99","pricePer":"$14.99 / lb","purchaseUnit":"1 lb"},{"mainCategory":"Meat & Fish","categoryName":"Beef","subCategoryName":"Flank & Flap Steaks","title":"Beef Flat Iron (Frozen)","producer":"Sonoma County Meat Co.","photoPath":"https://goodeggs4.imgix.net/7ef0dd3f-3811-4c01-b02e-31a7121b9221.jpg?w=380&h=238&fm=jpg&auto=compress&fit=crop","price":"7.99","pricePer":"$15.98 / lb","purchaseUnit":"0.5 lb"},{"mainCategory":"Meat & Fish","categoryName":"Beef","subCategoryName":"Flank & Flap Steaks","title":"Grass-Fed Beef Flank Steak","producer":"Stemple Creek Ranch","photoPath":"https://goodeggs4.imgix.net/be681a40-57ef-4ddb-bbbf-819076a764eb.jpg?w=380&h=238&fm=jpg&auto=compress&fit=crop","price":"8.99","pricePer":"$17.98 / lb","purchaseUnit":"0.5 lb"},{"mainCategory":"Meat & Fish","categoryName":"Beef","subCategoryName":"Flank & Flap Steaks","title":"Beef Flank Steak (Frozen)","producer":"Sonoma County Meat Co.","photoPath":"https://goodeggs4.imgix.net/421a43c0-efb7-4489-8c9b-46cc7992dfd0.jpg?w=380&h=238&fm=jpg&auto=compress&fit=crop","price":"29.99","pricePer":"$14.99 / lb","purchaseUnit":"2 lb"},{"mainCategory":"Meat & Fish","categoryName":"Beef","subCategoryName":"Flank & Flap Steaks","title":"Beef Flank Steak","producer":"Sonoma County Meat Co.","photoPath":"https://goodeggs4.imgix.net/421a43c0-efb7-4489-8c9b-46cc7992dfd0.jpg?w=380&h=238&fm=jpg&auto=compress&fit=crop","price":"29.99","pricePer":"$14.99 / lb","purchaseUnit":"2 lb"},{"mainCategory":"Meat & Fish","categoryName":"Beef","subCategoryName":"Flank & Flap Steaks","title":"Grass-Fed Beef Flat Iron Steak (Frozen)","producer":"Stemple Creek Ranch","photoPath":"https://goodeggs4.imgix.net/3598d6c4-c92f-4a33-b4aa-8dbf7a72b7a5.jpg?w=380&h=238&fm=jpg&auto=compress&fit=crop","price":"4.99","pricePer":"$19.96 / lb","purchaseUnit":"0.25 lb"},{"mainCategory":"Meat & Fish","categoryName":"Beef","subCategoryName":"Flank & Flap Steaks","title":"Grass-Fed Beef Flat Iron Steak","producer":"Stemple Creek Ranch","photoPath":"https://goodeggs4.imgix.net/3598d6c4-c92f-4a33-b4aa-8dbf7a72b7a5.jpg?w=380&h=238&fm=jpg&auto=compress&fit=crop","price":"4.99","pricePer":"$19.96 / lb","purchaseUnit":"0.25 lb"},{"mainCategory":"Meat & Fish","categoryName":"Beef","subCategoryName":"New York Steaks","title":"Beef New York Strip Steak","producer":"Cream Co. Meats","photoPath":"https://goodeggs4.imgix.net/f541adfc-1e27-489f-a4c1-67e2a2337f72.jpg?w=380&h=238&fm=jpg&auto=compress&fit=crop","price":"16.99","pricePer":"$22.65 / lb","purchaseUnit":"0.75 lb"},{"mainCategory":"Meat & Fish","categoryName":"Beef","subCategoryName":"New York Steaks","title":"Beef New York Strip Steak (Frozen)","producer":"Sonoma County Meat Co.","photoPath":"https://goodeggs4.imgix.net/1c11c2d5-2f9e-416f-ab78-2f4109be4ba2.jpg?w=380&h=238&fm=jpg&auto=compress&fit=crop","price":"16.99","pricePer":"$22.65 / lb","purchaseUnit":"0.75 lb"},{"mainCategory":"Meat & Fish","categoryName":"Beef","subCategoryName":"New York Steaks","title":"Grass-Fed Beef New York Strip Steak","producer":"Stemple Creek Ranch","photoPath":"https://goodeggs4.imgix.net/eb04d980-6e7e-4ae3-8966-d99eff511d26.jpg?w=380&h=238&fm=jpg&auto=compress&fit=crop","price":"22.99","pricePer":"$25.54 / lb","purchaseUnit":"0.9 lb"},{"mainCategory":"Meat & Fish","categoryName":"Beef","subCategoryName":"New York Steaks","title":"Grass-Fed Beef New York Strip Steak (Frozen)","producer":"Twisted Horn Ranch","photoPath":"https://goodeggs4.imgix.net/7bf8d380-90ca-4389-8ab4-6281a469b7e8.jpg?w=380&h=238&fm=jpg&auto=compress&fit=crop","price":"18.99","pricePer":"$25.32 / lb","purchaseUnit":"0.75 lb"},{"mainCategory":"Meat & Fish","categoryName":"Beef","subCategoryName":"New York Steaks","title":"Grass-Fed Mixed Beef Box (Frozen)","producer":"Healthy Food Inc. Meal Kits","photoPath":"https://goodeggs4.imgix.net/d7cabf1a-0a43-4f7c-82bb-6951907f3a4a.jpg?w=380&h=238&fm=jpg&auto=compress&fit=crop","price":"99.99","pricePer":"$17.38 / lb","purchaseUnit":"5.75 lb"},{"mainCategory":"Meat & Fish","categoryName":"Beef","subCategoryName":"New York Steaks","title":"Grass-Fed Mixed Beef Box (Frozen)","producer":"Mariposa Ranch","photoPath":"https://goodeggs4.imgix.net/a849d310-5c5f-4427-a6d5-67edd4d44772.jpg?w=380&h=238&fm=jpg&auto=compress&fit=crop","price":"159.99","pricePer":"$17.77 / lb","purchaseUnit":"9 lb"},{"mainCategory":"Meat & Fish","categoryName":"Beef","subCategoryName":"Beef Roasts","title":"Beef Tri-Tip Roast","producer":"Cream Co. Meats","photoPath":"https://goodeggs4.imgix.net/1e6dfbad-4ff1-4c00-a2cf-c23d90903d7b.jpg?w=380&h=238&fm=jpg&auto=compress&fit=crop","price":"29.99","pricePer":"$14.99 / lb","purchaseUnit":"2 lb"},{"mainCategory":"Meat & Fish","categoryName":"Beef","subCategoryName":"Beef Roasts","title":"Beef Shank (Frozen)","producer":"Cream Co. Meats","photoPath":"https://goodeggs4.imgix.net/73060fa4-470f-4745-8dc8-bc64e74ce46c.jpg?w=380&h=238&fm=jpg&auto=compress&fit=crop","price":"9.99","pricePer":"$7.99 / lb","purchaseUnit":"1.25 lb"},{"mainCategory":"Meat & Fish","categoryName":"Beef","subCategoryName":"Beef Roasts","title":"Beef Brisket","producer":"Cream Co. Meats","photoPath":"https://goodeggs4.imgix.net/004b018e-af51-47f0-948e-d5c9d8e550b0.jpg?w=380&h=238&fm=jpg&auto=compress&fit=crop","price":"29.99","pricePer":"$9.99 / lb","purchaseUnit":"3 lb"},{"mainCategory":"Meat & Fish","categoryName":"Beef","subCategoryName":"Beef Roasts","title":"Beef Brisket","producer":"Cream Co. Meats","photoPath":"https://goodeggs4.imgix.net/004b018e-af51-47f0-948e-d5c9d8e550b0.jpg?w=380&h=238&fm=jpg&auto=compress&fit=crop","price":"27.99","pricePer":"$10.17 / lb","purchaseUnit":"2.75 lb"},{"mainCategory":"Meat & Fish","categoryName":"Beef","subCategoryName":"Beef Roasts","title":"Beef Chuck Roast","producer":"Cream Co. Meats","photoPath":"https://goodeggs4.imgix.net/deaa8aba-6f4e-47a7-9308-521f6fd6ccd5.jpg?w=380&h=238&fm=jpg&auto=compress&fit=crop","price":"29.99","pricePer":"$9.99 / lb","purchaseUnit":"3 lb"},{"mainCategory":"Meat & Fish","categoryName":"Beef","subCategoryName":"Beef Roasts","title":"Grass-Fed Beef Chuck Roast (Frozen)","producer":"Stemple Creek Ranch","photoPath":"https://goodeggs4.imgix.net/db0cb061-7e29-4a99-a87c-5e5e9acd6019.jpg?w=380&h=238&fm=jpg&auto=compress&fit=crop","price":"29.99","pricePer":"$13.32 / lb","purchaseUnit":"2.25 lb"},{"mainCategory":"Meat & Fish","categoryName":"Beef","subCategoryName":"Beef Roasts","title":"Grass-Fed Beef Chuck Roast (Frozen)","producer":"Twisted Horn Ranch","photoPath":"https://goodeggs4.imgix.net/37f9d684-b9c2-4077-9468-5b694967239a.jpg?w=380&h=238&fm=jpg&auto=compress&fit=crop","price":"25.99","pricePer":"$12.99 / lb","purchaseUnit":"2 lb"},{"mainCategory":"Meat & Fish","categoryName":"Beef","subCategoryName":"Beef Roasts","title":"Grass-Fed Beef Cross Rib Roast (Frozen)","producer":"Stemple Creek Ranch","photoPath":"https://goodeggs4.imgix.net/f790948e-344f-40dc-8f11-d408bf4cf19e.jpg?w=380&h=238&fm=jpg&auto=compress&fit=crop","price":"38.99","pricePer":"$12.99 / lb","purchaseUnit":"3 lb"},{"mainCategory":"Meat & Fish","categoryName":"Beef","subCategoryName":"Beef Roasts","title":"Grass-Fed Beef Cross Rib Roast (Frozen)","producer":"Stemple Creek Ranch","photoPath":"https://goodeggs4.imgix.net/f790948e-344f-40dc-8f11-d408bf4cf19e.jpg?w=380&h=238&fm=jpg&auto=compress&fit=crop","price":"35.99","pricePer":"$13.08 / lb","purchaseUnit":"2.75 lb"},{"mainCategory":"Meat & Fish","categoryName":"Beef","subCategoryName":"Beef Roasts","title":"Grass-Fed Beef Brisket","producer":"Stemple Creek Ranch","photoPath":"https://goodeggs4.imgix.net/4d0c3492-a319-49a3-a0af-b0ff0cb3475d.jpg?w=380&h=238&fm=jpg&auto=compress&fit=crop","price":"32.99","pricePer":"$13.19 / lb","purchaseUnit":"2.5 lb"},{"mainCategory":"Meat & Fish","categoryName":"Beef","subCategoryName":"Beef Roasts","title":"Grass-Fed Beef Brisket","producer":"Stemple Creek Ranch","photoPath":"https://goodeggs4.imgix.net/4d0c3492-a319-49a3-a0af-b0ff0cb3475d.jpg?w=380&h=238&fm=jpg&auto=compress&fit=crop","price":"35.99","pricePer":"$13.08 / lb","purchaseUnit":"2.75 lb"},{"mainCategory":"Meat & Fish","categoryName":"Beef","subCategoryName":"Beef Roasts","title":"Grass-Fed Tri-Tip Roast","producer":"Stemple Creek Ranch","photoPath":"https://goodeggs4.imgix.net/6977ae69-74f4-4bd6-a7ee-3ac17f5e6319.jpg?w=380&h=238&fm=jpg&auto=compress&fit=crop","price":"31.99","pricePer":"$18.28 / lb","purchaseUnit":"1.75 lb"},{"mainCategory":"Meat & Fish","categoryName":"Beef","subCategoryName":"Beef Roasts","title":"Grass-Fed Mixed Beef Box (Frozen)","producer":"Mariposa Ranch","photoPath":"https://goodeggs4.imgix.net/a849d310-5c5f-4427-a6d5-67edd4d44772.jpg?w=380&h=238&fm=jpg&auto=compress&fit=crop","price":"159.99","pricePer":"$17.77 / lb","purchaseUnit":"9 lb"},{"mainCategory":"Meat & Fish","categoryName":"Beef","subCategoryName":"Beef Roasts","title":"Beef Cross Rib Roast","producer":"Sonoma County Meat Co.","photoPath":"https://goodeggs4.imgix.net/6ac9741e-21fc-468b-b38d-5fce7160b897.jpg?w=380&h=238&fm=jpg&auto=compress&fit=crop","price":"19.99","pricePer":"$9.99 / lb","purchaseUnit":"2 lb"},{"mainCategory":"Meat & Fish","categoryName":"Beef","subCategoryName":"Beef Roasts","title":"Beef Prime Rib Roast (Four-Rib) (Frozen)","producer":"Cream Co. Meats","photoPath":"https://goodeggs4.imgix.net/279b92eb-79da-456d-bb32-bcac4f3b21a6.jpg?w=380&h=238&fm=jpg&auto=compress&fit=crop","price":"197.99","pricePer":"$21.99 / lb","purchaseUnit":"9 lb"},{"mainCategory":"Meat & Fish","categoryName":"Beef","subCategoryName":"Beef Roasts","title":"Grass-Fed Beef Prime Rib Roast (Four Rib) (Frozen)","producer":"Stemple Creek Ranch","photoPath":"https://goodeggs4.imgix.net/8da98728-ceba-4c68-8065-76d90b01fc69.jpg?w=380&h=238&fm=jpg&auto=compress&fit=crop","price":"161.99","pricePer":"$24.92 / lb","purchaseUnit":"6.5 lb"},{"mainCategory":"Meat & Fish","categoryName":"Beef","subCategoryName":"Beef Roasts","title":"Grass-Fed Beef Prime Rib Roast (Four Rib) (Frozen)","producer":"Stemple Creek Ranch","photoPath":"https://goodeggs4.imgix.net/8da98728-ceba-4c68-8065-76d90b01fc69.jpg?w=380&h=238&fm=jpg&auto=compress&fit=crop","price":"211.99","pricePer":"$24.94 / lb","purchaseUnit":"8.5 lb"},{"mainCategory":"Meat & Fish","categoryName":"Beef","subCategoryName":"Beef Roasts","title":"Grass-Fed Beef Prime Rib Roast (Four Rib) (Frozen)","producer":"Stemple Creek Ranch","photoPath":"https://goodeggs4.imgix.net/8da98728-ceba-4c68-8065-76d90b01fc69.jpg?w=380&h=238&fm=jpg&auto=compress&fit=crop","price":"236.99","pricePer":"$24.94 / lb","purchaseUnit":"9.5 lb"},{"mainCategory":"Meat & Fish","categoryName":"Beef","subCategoryName":"Beef Roasts","title":"Beef Prime Rib Roast (Seven-Rib) (Frozen)","producer":"Cream Co. Meats","photoPath":"https://goodeggs4.imgix.net/279b92eb-79da-456d-bb32-bcac4f3b21a6.jpg?w=380&h=238&fm=jpg&auto=compress&fit=crop","price":"307.99","pricePer":"$21.99 / lb","purchaseUnit":"14 lb"},{"mainCategory":"Meat & Fish","categoryName":"Beef","subCategoryName":"Beef Roasts","title":"Grass-Fed Beef Prime Rib Roast (Seven-Rib) (Frozen)","producer":"Keller Crafted Meats","photoPath":"https://goodeggs4.imgix.net/3a1425c8-5505-4ae5-98cd-bc41f4ffc3f0.jpg?w=380&h=238&fm=jpg&auto=compress&fit=crop","price":"359.99","pricePer":"$29.99 / lb","purchaseUnit":"12 lb"},{"mainCategory":"Meat & Fish","categoryName":"Beef","subCategoryName":"Beef Roasts","title":"Grass-Fed Beef Prime Rib Roast (Seven-Rib) (Frozen)","producer":"Keller Crafted Meats","photoPath":"https://goodeggs4.imgix.net/ea493e67-1bac-41d8-9e94-791898b81912.jpg?w=380&h=238&fm=jpg&auto=compress&fit=crop","price":"324.99","pricePer":"$24.99 / lb","purchaseUnit":"13 lb"},{"mainCategory":"Meat & Fish","categoryName":"Beef","subCategoryName":"Beef Roasts","title":"Grass-Fed Beef Prime Rib Roast (Seven-Rib) (Frozen)","producer":"Stemple Creek Ranch","photoPath":"https://goodeggs4.imgix.net/8da98728-ceba-4c68-8065-76d90b01fc69.jpg?w=380&h=238&fm=jpg&auto=compress&fit=crop","price":"324.99","pricePer":"$24.99 / lb","purchaseUnit":"13 lb"},{"mainCategory":"Meat & Fish","categoryName":"Beef","subCategoryName":"Beef Roasts","title":"Grass-Fed Beef Prime Rib Roast (Seven-Rib) (Frozen)","producer":"Stemple Creek Ranch","photoPath":"https://goodeggs4.imgix.net/8da98728-ceba-4c68-8065-76d90b01fc69.jpg?w=380&h=238&fm=jpg&auto=compress&fit=crop","price":"349.99","pricePer":"$24.99 / lb","purchaseUnit":"14 lb"},{"mainCategory":"Meat & Fish","categoryName":"Pork","subCategoryName":"Pork Chops","title":"Pastured Brined Pork Loin Chop (Frozen)","producer":"Keller Crafted Meats","photoPath":"https://goodeggs4.imgix.net/10b026e0-7c5b-11eb-9180-134c133f9914?w=380&h=238&fm=jpg&auto=compress&fit=crop","price":"14.99","pricePer":"$14.99 / lb","purchaseUnit":"1 lb"},{"mainCategory":"Meat & Fish","categoryName":"Pork","subCategoryName":"Pork Chops","title":"Pastured Pork Scallopini (Frozen)","producer":"Keller Crafted Meats","photoPath":"https://goodeggs4.imgix.net/cdecbe63-e2e8-4207-8a61-cb6a5a44dd86.jpg?w=380&h=238&fm=jpg&auto=compress&fit=crop","price":"9.99","pricePer":"$9.99 / lb","purchaseUnit":"1 lb"},{"mainCategory":"Meat & Fish","categoryName":"Pork","subCategoryName":"Pork Chops","title":"Pastured Boneless Pork Loin Chop (Frozen)","producer":"Keller Crafted Meats","photoPath":"https://goodeggs4.imgix.net/bb3c32ce-1847-43c1-afdd-76e90143afb8.jpg?w=380&h=238&fm=jpg&auto=compress&fit=crop","price":"10.99","pricePer":"$15.70 / lb","purchaseUnit":"0.7 lb"},{"mainCategory":"Meat & Fish","categoryName":"Pork","subCategoryName":"Pork Chops","title":"Pastured Boneless Pork Loin Chops (Frozen)","producer":"Simas Farms","photoPath":"https://goodeggs4.imgix.net/47f35f19-e476-4708-a00d-ae3ac9f26bf3.jpg?w=380&h=238&fm=jpg&auto=compress&fit=crop","price":"29.99","pricePer":"$14.99 / lb","purchaseUnit":"2 lb"},{"mainCategory":"Meat & Fish","categoryName":"Pork","subCategoryName":"Pork Chops","title":"Iberico Pork Bone-In Loin Chop (Frozen)","producer":"Encina Farm","photoPath":"https://goodeggs4.imgix.net/c023af0d-0c22-497f-a694-ee1a0154fbe7.jpg?w=380&h=238&fm=jpg&auto=compress&fit=crop","price":"29.99","pricePer":"$29.99 / lb","purchaseUnit":"1 lb"},{"mainCategory":"Meat & Fish","categoryName":"Pork","subCategoryName":"Pork Chops","title":"Pastured Bone-In Pork Loin Chops (Frozen)","producer":"Rancho Llano Seco","photoPath":"https://goodeggs4.imgix.net/3e33b7fe-ce76-4dc6-9f8b-8fb7d3f1e7d9.jpg?w=380&h=238&fm=jpg&auto=compress&fit=crop","price":"19.99","pricePer":"$13.32 / lb","purchaseUnit":"1.5 lb"},{"mainCategory":"Meat & Fish","categoryName":"Pork","subCategoryName":"Pork Chops","title":"Pastured Bone-In Pork Shoulder Chop (Frozen)","producer":"Keller Crafted Meats","photoPath":"https://goodeggs4.imgix.net/10251dca-3ded-47a6-b4a3-3561fc371e74.jpg?w=380&h=238&fm=jpg&auto=compress&fit=crop","price":"9.99","pricePer":"$14.27 / lb","purchaseUnit":"0.7 lb"},{"mainCategory":"Meat & Fish","categoryName":"Pork","subCategoryName":"Pork Chops","title":"Pastured Bone-In Pork Loin Chops (Frozen)","producer":"Rancho Llano Seco","photoPath":"https://goodeggs4.imgix.net/3e33b7fe-ce76-4dc6-9f8b-8fb7d3f1e7d9.jpg?w=380&h=238&fm=jpg&auto=compress&fit=crop","price":"22.99","pricePer":"$13.13 / lb","purchaseUnit":"1.75 lb"},{"mainCategory":"Meat & Fish","categoryName":"Pork","subCategoryName":"Ground, Cut & Stew Pork","title":"Pastured Ground Pork","producer":"Klingeman Family Farms","photoPath":"https://goodeggs4.imgix.net/26a58d34-952f-42d7-bc69-400a2532895c.jpg?w=380&h=238&fm=jpg&auto=compress&fit=crop","price":"7.99","pricePer":"$7.99 / lb","purchaseUnit":"1 lb"},{"mainCategory":"Meat & Fish","categoryName":"Pork","subCategoryName":"Ground, Cut & Stew Pork","title":"Pastured Ground Pork (Frozen)","producer":"Keller Crafted Meats","photoPath":"https://goodeggs4.imgix.net/52c89ac3-09da-435f-8afd-7c0103e4b4c5.jpg?w=380&h=238&fm=jpg&auto=compress&fit=crop","price":"7.99","pricePer":"$7.99 / lb","purchaseUnit":"1 lb"},{"mainCategory":"Meat & Fish","categoryName":"Pork","subCategoryName":"Ground, Cut & Stew Pork","title":"Pork Stir-Fry Meat (Frozen)","producer":"Keller Crafted Meats","photoPath":"https://goodeggs4.imgix.net/72a2766e-6031-46a8-9a0a-89d4722b203f.jpg?w=380&h=238&fm=jpg&auto=compress&fit=crop","price":"7.99","pricePer":"$7.99 / lb","purchaseUnit":"1 lb"},{"mainCategory":"Meat & Fish","categoryName":"Pork","subCategoryName":"Ground, Cut & Stew Pork","title":"Iberico Pork Fajita Meat (Frozen)","producer":"Encina Farm","photoPath":"https://goodeggs4.imgix.net/8d5733bf-6a0b-4eeb-9d92-0c0ed450c76b.jpg?w=380&h=238&fm=jpg&auto=compress&fit=crop","price":"14.99","pricePer":"$14.99 / lb","purchaseUnit":"1 lb"},{"mainCategory":"Meat & Fish","categoryName":"Pork","subCategoryName":"Ground, Cut & Stew Pork","title":"Pork Carne Asada (Frozen)","producer":"Encina Farm","photoPath":"https://goodeggs4.imgix.net/7e751935-75ce-4015-8bef-4808bd5a003c.jpg?w=380&h=238&fm=jpg&auto=compress&fit=crop","price":"14.99","pricePer":"$14.99 / lb","purchaseUnit":"1 lb"},{"mainCategory":"Meat & Fish","categoryName":"Pork","subCategoryName":"Ground, Cut & Stew Pork","title":"Al Pastor Marinated Ground Pork (Frozen)","producer":"Rancho Llano Seco","photoPath":"https://goodeggs4.imgix.net/0ef4203b-0cf9-48b6-8935-d2fb781cd839.jpg?w=380&h=238&fm=jpg&auto=compress&fit=crop","price":"8.99","pricePer":"$11.98 / lb","purchaseUnit":"0.75 lb"},{"mainCategory":"Meat & Fish","categoryName":"Pork","subCategoryName":"Ground, Cut & Stew Pork","title":"Iberico Ground Pork (Frozen)","producer":"Encina Farm","photoPath":"https://goodeggs4.imgix.net/c545bf57-2a74-4639-85b3-53f09136b730.jpg?w=380&h=238&fm=jpg&auto=compress&fit=crop","price":"14.99","pricePer":"$14.99 / lb","purchaseUnit":"1 lb"},{"mainCategory":"Meat & Fish","categoryName":"Pork","subCategoryName":"Ground, Cut & Stew Pork","title":"Bulk Ground Pork (Frozen)","producer":"Rancho Llano Seco","photoPath":"https://goodeggs4.imgix.net/ac2c103e-0a2b-4c3a-be03-0786721fe5b6.jpg?w=380&h=238&fm=jpg&auto=compress&fit=crop","price":"19.99","pricePer":"$6.66 / lb","purchaseUnit":"3 lb"},{"mainCategory":"Meat & Fish","categoryName":"Pork","subCategoryName":"Ground, Cut & Stew Pork","title":"Bulk Pastured Ground Pork (Frozen)","producer":"Simas Farms","photoPath":"https://goodeggs4.imgix.net/0cbae9ce-6b61-4f75-88fe-52c855bba10e.jpg?w=380&h=238&fm=jpg&auto=compress&fit=crop","price":"19.99","pricePer":"$6.66 / lb","purchaseUnit":"3 lb"},{"mainCategory":"Meat & Fish","categoryName":"Pork","subCategoryName":"Ground, Cut & Stew Pork","title":"Bulk Ground Pork (Frozen)","producer":"Keller Crafted Meats","photoPath":"https://goodeggs4.imgix.net/eaee7bc2-8ae2-40dd-9c0a-55ea9cd4651a.jpg?w=380&h=238&fm=jpg&auto=compress&fit=crop","price":"19.99","pricePer":"$6.66 / lb","purchaseUnit":"3 lb"},{"mainCategory":"Meat & Fish","categoryName":"Pork","subCategoryName":"Ground, Cut & Stew Pork","title":"Pork Stew Meat","producer":"Klingeman Family Farms","photoPath":"https://goodeggs4.imgix.net/63397f92-1cf2-49fb-b61a-120f604a11fb.jpg?w=380&h=238&fm=jpg&auto=compress&fit=crop","price":"7.99","pricePer":"$7.99 / lb","purchaseUnit":"1 lb"},{"mainCategory":"Meat & Fish","categoryName":"Pork","subCategoryName":"Ground, Cut & Stew Pork","title":"Iberico Pork Bones (Frozen)","producer":"Encina Farm","photoPath":"https://goodeggs4.imgix.net/9ac77f6a-714b-4055-a4cf-099eb44fb15d.jpg?w=380&h=238&fm=jpg&auto=compress&fit=crop","price":"7.99","pricePer":"$3.99 / lb","purchaseUnit":"2 lb"},{"mainCategory":"Meat & Fish","categoryName":"Pork","subCategoryName":"Ground, Cut & Stew Pork","title":"Iberico Pork Stew Meat (Frozen)","producer":"Encina Farm","photoPath":"https://goodeggs4.imgix.net/994a1659-5fb1-41dc-96d4-49f64335346b.jpg?w=380&h=238&fm=jpg&auto=compress&fit=crop","price":"15.99","pricePer":"$15.99 / lb","purchaseUnit":"1 lb"},{"mainCategory":"Meat & Fish","categoryName":"Pork","subCategoryName":"Pork Ribs","title":"Pastured Pork Spare Ribs (Frozen)","producer":"Keller Crafted Meats","photoPath":"https://goodeggs4.imgix.net/adf09462-7a8b-4fe3-8c0b-b18ebae95b2b.jpg?w=380&h=238&fm=jpg&auto=compress&fit=crop","price":"17.99","pricePer":"$7.99 / lb","purchaseUnit":"2.25 lb"},{"mainCategory":"Meat & Fish","categoryName":"Pork","subCategoryName":"Pork Ribs","title":"Pastured Pork Spare Ribs (Frozen)","producer":"Keller Crafted Meats","photoPath":"https://goodeggs4.imgix.net/adf09462-7a8b-4fe3-8c0b-b18ebae95b2b.jpg?w=380&h=238&fm=jpg&auto=compress&fit=crop","price":"13.99","pricePer":"$7.99 / lb","purchaseUnit":"1.75 lb"},{"mainCategory":"Meat & Fish","categoryName":"Pork","subCategoryName":"Pork Ribs","title":"Pastured Pork Porterhouse Chop","producer":"Klingeman Family Farms","photoPath":"https://goodeggs4.imgix.net/a8c5b63d-fb23-42f9-a5b5-df03e7c9b4ce.jpg?w=380&h=238&fm=jpg&auto=compress&fit=crop","price":"17.49","pricePer":"$9.99 / lb","purchaseUnit":"1.75 lb"},{"mainCategory":"Meat & Fish","categoryName":"Pork","subCategoryName":"Pork Ribs","title":"Pastured Pork Porterhouse Chop","producer":"Klingeman Family Farms","photoPath":"https://goodeggs4.imgix.net/a8c5b63d-fb23-42f9-a5b5-df03e7c9b4ce.jpg?w=380&h=238&fm=jpg&auto=compress&fit=crop","price":"19.99","pricePer":"$9.99 / lb","purchaseUnit":"2 lb"},{"mainCategory":"Meat & Fish","categoryName":"Pork","subCategoryName":"Pork Roasts","title":"Cubed Pork Shoulder (Frozen)","producer":"Keller Crafted Meats","photoPath":"https://goodeggs4.imgix.net/39b24c90-6fc3-4f12-bbcc-f243d652880a.jpg?w=380&h=238&fm=jpg&auto=compress&fit=crop","price":"7.99","pricePer":"$7.99 / lb","purchaseUnit":"1 lb"},{"mainCategory":"Meat & Fish","categoryName":"Pork","subCategoryName":"Pork Roasts","title":"Boneless Pork Shoulder Roast (Frozen)","producer":"DG-Langley Farms","photoPath":"https://goodeggs4.imgix.net/0fb71fce-01d9-4157-b02e-35e8b2e9a561.jpg?w=380&h=238&fm=jpg&auto=compress&fit=crop","price":"17.99","pricePer":"$7.19 / lb","purchaseUnit":"2.5 lb"},{"mainCategory":"Meat & Fish","categoryName":"Pork","subCategoryName":"Pork Roasts","title":"Boneless Pork Shoulder Roast (Frozen)","producer":"DG-Langley Farms","photoPath":"https://goodeggs4.imgix.net/086e2abe-f447-48e7-bf50-7d9369534bb5.jpg?w=380&h=238&fm=jpg&auto=compress&fit=crop","price":"15.99","pricePer":"$7.10 / lb","purchaseUnit":"2.25 lb"},{"mainCategory":"Meat & Fish","categoryName":"Pork","subCategoryName":"Pork Roasts","title":"Iberico Pork Belly Skin-Off (Frozen)","producer":"Encina Farm","photoPath":"https://goodeggs4.imgix.net/58889e3b-1bfa-40b2-a807-59d19bf714cb.jpg?w=380&h=238&fm=jpg&auto=compress&fit=crop","price":"33.99","pricePer":"$16.99 / lb","purchaseUnit":"2 lb"},{"mainCategory":"Meat & Fish","categoryName":"Pork","subCategoryName":"Pork Roasts","title":"Iberico Pork Belly Skin-Off (Frozen)","producer":"Encina Farm","photoPath":"https://goodeggs4.imgix.net/58889e3b-1bfa-40b2-a807-59d19bf714cb.jpg?w=380&h=238&fm=jpg&auto=compress&fit=crop","price":"42.99","pricePer":"$17.19 / lb","purchaseUnit":"2.5 lb"},{"mainCategory":"Meat & Fish","categoryName":"Pork","subCategoryName":"Pork Roasts","title":"Iberico Pork Shank (Osso Buco)","producer":"Encina Farm","photoPath":"https://goodeggs4.imgix.net/10e886ff-3e8f-479b-b3b1-12fc6d50672a.jpg?w=380&h=238&fm=jpg&auto=compress&fit=crop","price":"12.99","pricePer":"$10.39 / lb","purchaseUnit":"1.25 lb"},{"mainCategory":"Meat & Fish","categoryName":"Pork","subCategoryName":"Pork Roasts","title":"Pastured Pork Shank (Frozen)","producer":"Klingeman Family Farms","photoPath":"https://goodeggs4.imgix.net/a4e87e67-4ce3-40da-bad6-7c7be4ebb819.jpg?w=380&h=238&fm=jpg&auto=compress&fit=crop","price":"10.49","pricePer":"$5.99 / lb","purchaseUnit":"1.75 lb"},{"mainCategory":"Meat & Fish","categoryName":"Pork","subCategoryName":"Pork Roasts","title":"Iberico Pork Boneless Shoulder Roast (Frozen)","producer":"Encina Farm","photoPath":"https://goodeggs4.imgix.net/78471a33-25fb-473f-9eba-afe5b522319f.jpg?w=380&h=238&fm=jpg&auto=compress&fit=crop","price":"59.99","pricePer":"$19.99 / lb","purchaseUnit":"3 lb"},{"mainCategory":"Meat & Fish","categoryName":"Pork","subCategoryName":"Pork Roasts","title":"Iberico Pork Boneless Shoulder Roast (Frozen)","producer":"Encina Farm","photoPath":"https://goodeggs4.imgix.net/78471a33-25fb-473f-9eba-afe5b522319f.jpg?w=380&h=238&fm=jpg&auto=compress&fit=crop","price":"49.99","pricePer":"$19.99 / lb","purchaseUnit":"2.5 lb"},{"mainCategory":"Meat & Fish","categoryName":"Pork","subCategoryName":"Pork Roasts","title":"Iberico Pork Boneless Shoulder Secreto (Frozen)","producer":"Encina Farm","photoPath":"https://goodeggs4.imgix.net/92111c99-7b30-4d1b-8be9-4fb351d87da7.jpg?w=380&h=238&fm=jpg&auto=compress&fit=crop","price":"78.99","pricePer":"$45.13 / lb","purchaseUnit":"1.75 lb"},{"mainCategory":"Meat & Fish","categoryName":"Pork","subCategoryName":"Pork Roasts","title":"Iberico Pork Boneless Shoulder Secreto (Frozen)","producer":"Encina Farm","photoPath":"https://goodeggs4.imgix.net/92111c99-7b30-4d1b-8be9-4fb351d87da7.jpg?w=380&h=238&fm=jpg&auto=compress&fit=crop","price":"67.99","pricePer":"$45.32 / lb","purchaseUnit":"1.5 lb"},{"mainCategory":"Meat & Fish","categoryName":"Pork","subCategoryName":"Pork Roasts","title":"Pastured Porchetta Roast (Frozen)","producer":"RoliRoti","photoPath":"https://goodeggs4.imgix.net/fef2e6eb-0789-47cc-b4bf-7a5496a56c1c.jpg?w=380&h=238&fm=jpg&auto=compress&fit=crop","price":"76.99","pricePer":"$13.99 / lb","purchaseUnit":"5.5 lb"},{"mainCategory":"Meat & Fish","categoryName":"Pork","subCategoryName":"Pork Roasts","title":"Pastured Boneless Pork Loin Roast","producer":"Klingeman Family Farms","photoPath":"https://goodeggs4.imgix.net/63066f70-a417-48b5-b567-93165aa2afec.jpg?w=380&h=238&fm=jpg&auto=compress&fit=crop","price":"36.99","pricePer":"$14.79 / lb","purchaseUnit":"2.5 lb"},{"mainCategory":"Meat & Fish","categoryName":"Pork","subCategoryName":"Pork Roasts","title":"Pastured Boneless Pork Loin Roast","producer":"Klingeman Family Farms","photoPath":"https://goodeggs4.imgix.net/51af0aec-7c75-4ce0-bee4-e8b1bc994ad0.jpg?w=380&h=238&fm=jpg&auto=compress&fit=crop","price":"44.99","pricePer":"$14.99 / lb","purchaseUnit":"3 lb"},{"mainCategory":"Meat & Fish","categoryName":"Pork","subCategoryName":"Pork Roasts","title":"Pastured Porchetta Roast (Frozen)","producer":"RoliRoti","photoPath":"https://goodeggs4.imgix.net/fef2e6eb-0789-47cc-b4bf-7a5496a56c1c.jpg?w=380&h=238&fm=jpg&auto=compress&fit=crop","price":"83.99","pricePer":"$13.99 / lb","purchaseUnit":"6 lb"},{"mainCategory":"Meat & Fish","categoryName":"Pork","subCategoryName":"Pork Roasts","title":"Pastured Pork Belly","producer":"Sonoma County Meat Co.","photoPath":"https://goodeggs4.imgix.net/22c7bafe-9f82-49e6-af26-fe7953794239.jpg?w=380&h=238&fm=jpg&auto=compress&fit=crop","price":"15.99","pricePer":"$7.99 / lb","purchaseUnit":"2 lb"},{"mainCategory":"Meat & Fish","categoryName":"Pork","subCategoryName":"Ham","title":"Pastured Pork Ham Steak (Frozen)","producer":"Rancho Llano Seco","photoPath":"https://goodeggs4.imgix.net/86fbbd4a-0295-479d-9ce1-305bb23f3724.jpg?w=380&h=238&fm=jpg&auto=compress&fit=crop","price":"5.99","pricePer":"$14.97 / lb","purchaseUnit":"0.4 lb"},{"mainCategory":"Meat & Fish","categoryName":"Pork","subCategoryName":"Ham","title":"Pastured Boneless Sweetheart Ham","producer":"Olympia Provisions","photoPath":"https://goodeggs4.imgix.net/6f714201-c888-4cde-b8b1-ab1bd3d6504a.jpg?w=380&h=238&fm=jpg&auto=compress&fit=crop","price":"20.99","pricePer":"$11.99 / lb","purchaseUnit":"1.75 lb"},{"mainCategory":"Meat & Fish","categoryName":"Pork","subCategoryName":"Ham","title":"Pastured Boneless Sweetheart Ham","producer":"Olympia Provisions","photoPath":"https://goodeggs4.imgix.net/6f714201-c888-4cde-b8b1-ab1bd3d6504a.jpg?w=380&h=238&fm=jpg&auto=compress&fit=crop","price":"26.99","pricePer":"$11.99 / lb","purchaseUnit":"2.25 lb"},{"mainCategory":"Meat & Fish","categoryName":"Pork","subCategoryName":"Ham","title":"Pastured Honey Glazed Smoked Bone-In Half Ham (Spiral Sliced)","producer":"Berkwood Farms ","photoPath":"https://goodeggs4.imgix.net/2f5e9c6b-dc18-4188-aa1c-9bde5d32169d.jpg?w=380&h=238&fm=jpg&auto=compress&fit=crop","price":"89.99","pricePer":"$9.99 / lb","purchaseUnit":"9 lb"},{"mainCategory":"Meat & Fish","categoryName":"Pork","subCategoryName":"Ham","title":"Pastured Honey Glazed Smoked Bone-In Half Ham (Spiral Sliced)","producer":"Berkwood Farms ","photoPath":"https://goodeggs4.imgix.net/2f5e9c6b-dc18-4188-aa1c-9bde5d32169d.jpg?w=380&h=238&fm=jpg&auto=compress&fit=crop","price":"99.99","pricePer":"$9.99 / lb","purchaseUnit":"10 lb"},{"mainCategory":"Meat & Fish","categoryName":"Pork","subCategoryName":"Ham","title":"Pastured Smoked Maple Half Ham","producer":"Keller Crafted Meats","photoPath":"https://goodeggs4.imgix.net/76a1a029-a808-4d19-b9da-955478c96bb9.jpg?w=380&h=238&fm=jpg&auto=compress&fit=crop","price":"26.99","pricePer":"$11.99 / lb","purchaseUnit":"2.25 lb"},{"mainCategory":"Meat & Fish","categoryName":"Pork","subCategoryName":"Ham","title":"Pastured Smoked Maple Half Ham (Frozen)","producer":"Keller Crafted Meats","photoPath":"https://goodeggs4.imgix.net/76a1a029-a808-4d19-b9da-955478c96bb9.jpg?w=380&h=238&fm=jpg&auto=compress&fit=crop","price":"38.99","pricePer":"$11.99 / lb","purchaseUnit":"3.25 lb"},{"mainCategory":"Meat & Fish","categoryName":"Pork","subCategoryName":"Ham","title":"Pastured Smoked Maple Half Ham (Frozen)","producer":"Keller Crafted Meats","photoPath":"https://goodeggs4.imgix.net/76a1a029-a808-4d19-b9da-955478c96bb9.jpg?w=380&h=238&fm=jpg&auto=compress&fit=crop","price":"44.99","pricePer":"$11.99 / lb","purchaseUnit":"3.75 lb"},{"mainCategory":"Meat & Fish","categoryName":"Pork","subCategoryName":"Pork Tenderloin & Sirloin Roasts","title":"Pastured Pork Tenderloin (Frozen)","producer":"Rancho Llano Seco","photoPath":"https://goodeggs4.imgix.net/246c64fd-5944-4cb2-9913-dbdb3f580e04.jpg?w=380&h=238&fm=jpg&auto=compress&fit=crop","price":"11.99","pricePer":"$15.98 / lb","purchaseUnit":"0.75 lb"},{"mainCategory":"Meat & Fish","categoryName":"Pork","subCategoryName":"Pork Tenderloin & Sirloin Roasts","title":"Pastured Pork Tenderloin","producer":"Klingeman Family Farms","photoPath":"https://goodeggs4.imgix.net/bf314e0c-d1be-4a5e-9260-ce70786ff7ad.jpg?w=380&h=238&fm=jpg&auto=compress&fit=crop","price":"14.99","pricePer":"$14.99 / lb","purchaseUnit":"1 lb"},{"mainCategory":"Meat & Fish","categoryName":"Pork","subCategoryName":"Pork Tenderloin & Sirloin Roasts","title":"Pastured Pork Tenderloin","producer":"Klingeman Family Farms","photoPath":"https://goodeggs4.imgix.net/bf314e0c-d1be-4a5e-9260-ce70786ff7ad.jpg?w=380&h=238&fm=jpg&auto=compress&fit=crop","price":"11.99","pricePer":"$15.98 / lb","purchaseUnit":"0.75 lb"},{"mainCategory":"Meat & Fish","categoryName":"Pork","subCategoryName":"Pork Tenderloin & Sirloin Roasts","title":"Iberico Boneless Pork Sirloin Roast (Frozen)","producer":"Encina Farm","photoPath":"https://goodeggs4.imgix.net/40fa1135-e783-472c-8dd8-275b63226d22.jpg?w=380&h=238&fm=jpg&auto=compress&fit=crop","price":"71.99","pricePer":"$23.99 / lb","purchaseUnit":"3 lb"},{"mainCategory":"Meat & Fish","categoryName":"Pork","subCategoryName":"Pork Tenderloin & Sirloin Roasts","title":"Iberico Boneless Pork Sirloin Roast (Frozen)","producer":"Encina Farm","photoPath":"https://goodeggs4.imgix.net/40fa1135-e783-472c-8dd8-275b63226d22.jpg?w=380&h=238&fm=jpg&auto=compress&fit=crop","price":"83.99","pricePer":"$23.99 / lb","purchaseUnit":"3.5 lb"},{"mainCategory":"Meat & Fish","categoryName":"Lamb & Game Meat","subCategoryName":"Ground Lamb & Stew Meat","title":"Grass-Fed Ground Lamb","producer":"Anderson Ranches","photoPath":"https://goodeggs4.imgix.net/d8a25c15-bb64-44e4-aa42-bbaf1dbf72b8.jpg?w=380&h=238&fm=jpg&auto=compress&fit=crop","price":"14.99","pricePer":"$14.99 / lb","purchaseUnit":"1 lb"},{"mainCategory":"Meat & Fish","categoryName":"Lamb & Game Meat","subCategoryName":"Ground Lamb & Stew Meat","title":"Grass-Fed Ground Lamb (Frozen)","producer":"Keller Crafted Meats","photoPath":"https://goodeggs4.imgix.net/4dde215e-d154-49a4-95b0-c5a7140e24b4.jpg?w=380&h=238&fm=jpg&auto=compress&fit=crop","price":"7.99","pricePer":"$15.98 / lb","purchaseUnit":"0.5 lb"},{"mainCategory":"Meat & Fish","categoryName":"Lamb & Game Meat","subCategoryName":"Ground Lamb & Stew Meat","title":"Grass-Fed Lamb Stew Meat","producer":"Anderson Ranches","photoPath":"https://goodeggs4.imgix.net/ecf3c3a0-ae4a-40e7-8d0d-c3a622f80561.jpg?w=380&h=238&fm=jpg&auto=compress&fit=crop","price":"29.99","pricePer":"$14.99 / lb","purchaseUnit":"2 lb"},{"mainCategory":"Meat & Fish","categoryName":"Lamb & Game Meat","subCategoryName":"Lamb Steaks & Ribs","title":"Grass-Fed Frenched Lamb Rack","producer":"Anderson Ranches","photoPath":"https://goodeggs4.imgix.net/ee3cad24-6221-4073-9157-eaa8a652db4e.jpg?w=380&h=238&fm=jpg&auto=compress&fit=crop","price":"29.99","pricePer":"$29.99 / lb","purchaseUnit":"1 lb"},{"mainCategory":"Meat & Fish","categoryName":"Lamb & Game Meat","subCategoryName":"Lamb Steaks & Ribs","title":"Grass-Fed Rack of Lamb","producer":"Anderson Ranches","photoPath":"https://goodeggs4.imgix.net/f6b13d45-bb28-4e58-a734-c841f63bfcf3.jpg?w=380&h=238&fm=jpg&auto=compress&fit=crop","price":"83.99","pricePer":"$27.99 / lb","purchaseUnit":"3 lb"},{"mainCategory":"Meat & Fish","categoryName":"Lamb & Game Meat","subCategoryName":"Lamb Steaks & Ribs","title":"Grass-Fed Rack of Lamb","producer":"Anderson Ranches","photoPath":"https://goodeggs4.imgix.net/f6b13d45-bb28-4e58-a734-c841f63bfcf3.jpg?w=380&h=238&fm=jpg&auto=compress&fit=crop","price":"97.99","pricePer":"$27.99 / lb","purchaseUnit":"3.5 lb"},{"mainCategory":"Meat & Fish","categoryName":"Lamb & Game Meat","subCategoryName":"Lamb Chops","title":"Grass-Fed Lamb Rib Chops (Frozen)","producer":"Sonoma County Meat Co.","photoPath":"https://goodeggs4.imgix.net/1db4b61a-b18d-40bd-85f3-27ff0f3439e6.jpg?w=380&h=238&fm=jpg&auto=compress&fit=crop","price":"13.99","pricePer":"$18.65 / lb","purchaseUnit":"0.75 lb"},{"mainCategory":"Meat & Fish","categoryName":"Lamb & Game Meat","subCategoryName":"Lamb Chops","title":"Grass-Fed Boneless Lamb Leg Roast (Frozen)","producer":"Sonoma County Meat Co.","photoPath":"https://goodeggs4.imgix.net/a427dcfe-8142-4c15-b19c-74ab63249d18.jpg?w=380&h=238&fm=jpg&auto=compress&fit=crop","price":"42.99","pricePer":"$17.19 / lb","purchaseUnit":"2.5 lb"},{"mainCategory":"Meat & Fish","categoryName":"Lamb & Game Meat","subCategoryName":"Lamb Legs & Roasts","title":"Grass-Fed Boneless Lamb Leg Roast (Frozen)","producer":"Sonoma County Meat Co.","photoPath":"https://goodeggs4.imgix.net/a427dcfe-8142-4c15-b19c-74ab63249d18.jpg?w=380&h=238&fm=jpg&auto=compress&fit=crop","price":"33.99","pricePer":"$16.99 / lb","purchaseUnit":"2 lb"},{"mainCategory":"Meat & Fish","categoryName":"Lamb & Game Meat","subCategoryName":"Lamb Legs & Roasts","title":"Grass-Fed Boneless Lamb Leg Roast (Frozen)","producer":"Sonoma County Meat Co.","photoPath":"https://goodeggs4.imgix.net/a427dcfe-8142-4c15-b19c-74ab63249d18.jpg?w=380&h=238&fm=jpg&auto=compress&fit=crop","price":"42.99","pricePer":"$17.19 / lb","purchaseUnit":"2.5 lb"},{"mainCategory":"Meat & Fish","categoryName":"Lamb & Game Meat","subCategoryName":"Lamb Legs & Roasts","title":"Grass-Fed Lamb Shank","producer":"Anderson Ranches","photoPath":"https://goodeggs4.imgix.net/982d61d8-521a-4ca8-bc2e-defd0c6e4478.jpg?w=380&h=238&fm=jpg&auto=compress&fit=crop","price":"19.99","pricePer":"$11.42 / lb","purchaseUnit":"1.75 lb"},{"mainCategory":"Meat & Fish","categoryName":"Lamb & Game Meat","subCategoryName":"Lamb Legs & Roasts","title":"Grass-Fed Lamb Shank (Frozen)","producer":"Stemple Creek Ranch","photoPath":"https://goodeggs4.imgix.net/7eef6b2c-297f-4d4c-aa2c-162f80f9c756.jpg?w=380&h=238&fm=jpg&auto=compress&fit=crop","price":"16.99","pricePer":"$11.32 / lb","purchaseUnit":"1.5 lb"},{"mainCategory":"Meat & Fish","categoryName":"Lamb & Game Meat","subCategoryName":"Lamb Legs & Roasts","title":"Grass-Fed Bone-In Lamb Leg Roast (Frozen)","producer":"Sonoma County Meat Co.","photoPath":"https://goodeggs4.imgix.net/301f0744-6e20-4c8d-b2c6-9073bc243d61.jpg?w=380&h=238&fm=jpg&auto=compress&fit=crop","price":"62.99","pricePer":"$13.99 / lb","purchaseUnit":"4.5 lb"},{"mainCategory":"Meat & Fish","categoryName":"Lamb & Game Meat","subCategoryName":"Lamb Legs & Roasts","title":"Grass-Fed Semi-Boneless Lamb Leg Roast","producer":"Anderson Ranches","photoPath":"https://goodeggs4.imgix.net/3c442fcf-e21a-4717-9261-1c597fc68174.jpg?w=380&h=238&fm=jpg&auto=compress&fit=crop","price":"74.99","pricePer":"$14.99 / lb","purchaseUnit":"5 lb"},{"mainCategory":"Meat & Fish","categoryName":"Lamb & Game Meat","subCategoryName":"Lamb Legs & Roasts","title":"Grass-Fed Lamb Sirloin Roast (Frozen)","producer":"Stemple Creek Ranch","photoPath":"https://goodeggs4.imgix.net/e61ea26e-b2b1-4afe-b0d3-bd4e50ea0226.jpg?w=380&h=238&fm=jpg&auto=compress&fit=crop","price":"28.49","pricePer":"$18.99 / lb","purchaseUnit":"1.5 lb"},{"mainCategory":"Meat & Fish","categoryName":"Lamb & Game Meat","subCategoryName":"Game Meat","title":"Grass-Fed Bison Burger Patties (Frozen)","producer":"The Honest Bison","photoPath":"https://goodeggs4.imgix.net/2c02a722-cbfb-4310-accf-783868186ad6.jpg?w=380&h=238&fm=jpg&auto=compress&fit=crop","price":"16.99","pricePer":"$16.99 / lb","purchaseUnit":"1 lb"},{"mainCategory":"Meat & Fish","categoryName":"Lamb & Game Meat","subCategoryName":"Game Meat","title":"Grass-Fed Ground Elk (Frozen)","producer":"The Honest Bison","photoPath":"https://goodeggs4.imgix.net/63cbd54f-ab5e-4818-8b81-6bfea61d5273.jpg?w=380&h=238&fm=jpg&auto=compress&fit=crop","price":"15.49","pricePer":"$15.49 / lb","purchaseUnit":"1 lb"},{"mainCategory":"Meat & Fish","categoryName":"Lamb & Game Meat","subCategoryName":"Game Meat","title":"Grass-Fed Elk Rib Eye Steak (Frozen)","producer":"The Honest Bison","photoPath":"https://goodeggs4.imgix.net/ca2ece02-3c09-43f5-9aa3-c73af0f365d2.jpg?w=380&h=238&fm=jpg&auto=compress&fit=crop","price":"21.29","pricePer":"$48.38 / lb","purchaseUnit":"0.44 lb"},{"mainCategory":"Meat & Fish","categoryName":"Lamb & Game Meat","subCategoryName":"Game Meat","title":"Grass-Fed Bison Rib Eye (Frozen)","producer":"The Honest Bison","photoPath":"https://goodeggs4.imgix.net/8b0e67bc-af10-4d96-b179-eb0ea2d1d9c5.jpg?w=380&h=238&fm=jpg&auto=compress&fit=crop","price":"26.99","pricePer":"$2.99 / oz","purchaseUnit":"9 oz"},{"mainCategory":"Meat & Fish","categoryName":"Lamb & Game Meat","subCategoryName":"Game Meat","title":"Grass-Fed Bison Soup Bones (Frozen)","producer":"The Honest Bison","photoPath":"https://goodeggs4.imgix.net/9c7ec5ae-ab81-40fd-b54b-32d8baad4045.jpg?w=380&h=238&fm=jpg&auto=compress&fit=crop","price":"5.99","pricePer":"$5.99 / lb","purchaseUnit":"1 lb"},{"mainCategory":"Meat & Fish","categoryName":"Lamb & Game Meat","subCategoryName":"Game Meat","title":"Grass-Fed Flanken Cut Bison Short Ribs","producer":"The Honest Bison","photoPath":"https://goodeggs4.imgix.net/1a51a99b-1021-4b92-8cde-f124829a5d2e.jpg?w=380&h=238&fm=jpg&auto=compress&fit=crop","price":"49.99","pricePer":"$16.66 / lb","purchaseUnit":"3 lb"},{"mainCategory":"Meat & Fish","categoryName":"Lamb & Game Meat","subCategoryName":"Game Meat","title":"Grass-Fed Ground Bison (Frozen)","producer":"The Honest Bison","photoPath":"https://goodeggs4.imgix.net/4541864e-ff8a-4594-8a92-b8bbaf769ad1.jpg?w=380&h=238&fm=jpg&auto=compress&fit=crop","price":"15.99","pricePer":"$15.99 / lb","purchaseUnit":"1 lb"},{"mainCategory":"Meat & Fish","categoryName":"Lamb & Game Meat","subCategoryName":"Game Meat","title":"Grass-Fed Bison Sirloin Steak (Frozen)","producer":"The Honest Bison","photoPath":"https://goodeggs4.imgix.net/17894f8d-6261-47a9-9e97-a5323e759750.jpg?w=380&h=238&fm=jpg&auto=compress&fit=crop","price":"8.99","pricePer":"$20.43 / lb","purchaseUnit":"0.44 lb"},{"mainCategory":"Meat & Fish","categoryName":"Lamb & Game Meat","subCategoryName":"Game Meat","title":"Grass-Fed Elk Burger Patties (Frozen)","producer":"The Honest Bison","photoPath":"https://goodeggs4.imgix.net/8f4034ed-3693-405b-be41-e329aceee1c3.jpg?w=380&h=238&fm=jpg&auto=compress&fit=crop","price":"16.29","pricePer":"$16.29 / lb","purchaseUnit":"1 lb"},{"mainCategory":"Meat & Fish","categoryName":"Lamb & Game Meat","subCategoryName":"Game Meat","title":"Grass-Fed Bison Marrow Bones (Frozen)","producer":"The Honest Bison","photoPath":"https://goodeggs4.imgix.net/462a321d-e2cc-45b6-8529-2a1f156e6490.jpg?w=380&h=238&fm=jpg&auto=compress&fit=crop","price":"11.99","pricePer":"$11.99 / lb","purchaseUnit":"1 lb"},{"mainCategory":"Meat & Fish","categoryName":"Lamb & Game Meat","subCategoryName":"Game Meat","title":"Grass-Fed Elk New York Steak (Frozen)","producer":"The Honest Bison","photoPath":"https://goodeggs4.imgix.net/4a27c977-5228-4be9-8d6b-bde8dfe86505.jpg?w=380&h=238&fm=jpg&auto=compress&fit=crop","price":"18.99","pricePer":"$43.15 / lb","purchaseUnit":"0.44 lb"},{"mainCategory":"Meat & Fish","categoryName":"Lamb & Game Meat","subCategoryName":"Game Meat","title":"Grass-Fed Ground Venison (Frozen)","producer":"The Honest Bison","photoPath":"https://goodeggs4.imgix.net/6dc1d32a-b460-47eb-883c-e14d3e6e1a4d.jpg?w=380&h=238&fm=jpg&auto=compress&fit=crop","price":"15.49","pricePer":"$15.49 / lb","purchaseUnit":"1 lb"},{"mainCategory":"Meat & Fish","categoryName":"Lamb & Game Meat","subCategoryName":"Game Meat","title":"Grass-Fed Venison Burger Patties (Frozen)","producer":"The Honest Bison","photoPath":"https://goodeggs4.imgix.net/76c3be9d-3910-45cb-abb1-293f1e209295.jpg?w=380&h=238&fm=jpg&auto=compress&fit=crop","price":"16.29","pricePer":"$16.29 / lb","purchaseUnit":"1 lb"},{"mainCategory":"Meat & Fish","categoryName":"Lamb & Game Meat","subCategoryName":"Game Meat","title":"Grass-Fed Elk Medallion (Frozen)","producer":"The Honest Bison","photoPath":"https://goodeggs4.imgix.net/120da6eb-a419-4c2c-9543-bae36a521c01.jpg?w=380&h=238&fm=jpg&auto=compress&fit=crop","price":"15.99","pricePer":null,"purchaseUnit":"6 oz"},{"mainCategory":"Meat & Fish","categoryName":"Lamb & Game Meat","subCategoryName":"Game Meat","title":"Grass-Fed Bison Medallion (Frozen)","producer":"The Honest Bison","photoPath":"https://goodeggs4.imgix.net/0573f54b-ad03-46bc-9a34-60b1764f2601.jpg?w=380&h=238&fm=jpg&auto=compress&fit=crop","price":"15.99","pricePer":"$2.66 / oz","purchaseUnit":"6 oz"},{"mainCategory":"Meat & Fish","categoryName":"Lamb & Game Meat","subCategoryName":"Game Meat","title":"Grass-Fed Bison New York Steak (Frozen)","producer":"The Honest Bison","photoPath":"https://goodeggs4.imgix.net/58da05a0-8ede-49a1-ac51-dd5f8dd7e6bd.jpg?w=380&h=238&fm=jpg&auto=compress&fit=crop","price":"16.99","pricePer":"$1.88 / oz","purchaseUnit":"9 oz"},{"mainCategory":"Meat & Fish","categoryName":"Lamb & Game Meat","subCategoryName":"Game Meat","title":"Grass-Fed Bison Filet Mignon (Frozen)","producer":"The Honest Bison","photoPath":"https://goodeggs4.imgix.net/56a334ae-a64a-4776-9ee7-3079f4d735ef.jpg?w=380&h=238&fm=jpg&auto=compress&fit=crop","price":"36.99","pricePer":"$3.08 / oz","purchaseUnit":"12 oz"},{"mainCategory":"Meat & Fish","categoryName":"Lamb & Game Meat","subCategoryName":"Game Meat","title":"Grass-Fed Bacon-Wrapped Elk Medallion (Frozen)","producer":"The Honest Bison","photoPath":"https://goodeggs4.imgix.net/32addb39-eef6-4829-a89b-3ccc8e946e3e.jpg?w=380&h=238&fm=jpg&auto=compress&fit=crop","price":"15.49","pricePer":"$35.20 / lb","purchaseUnit":"0.44 lb"},{"mainCategory":"Meat & Fish","categoryName":"Lamb & Game Meat","subCategoryName":"Game Meat","title":"Whole Rabbit (Frozen)","producer":"Devil's Gulch Ranch","photoPath":"https://goodeggs4.imgix.net/5eee26dc-19c9-4376-a835-abdc6fd7f365.jpg?w=380&h=238&fm=jpg&auto=compress&fit=crop","price":"26.99","pricePer":"$13.49 / lb","purchaseUnit":"2 lb"},{"mainCategory":"Meat & Fish","categoryName":"Lamb & Game Meat","subCategoryName":"Game Meat","title":"Bacon-Wrapped Grass-Fed Bison Medallion (Frozen)","producer":"The Honest Bison","photoPath":"https://goodeggs4.imgix.net/15d83c27-e1bb-49fa-96a2-53adec1a97e3.jpg?w=380&h=238&fm=jpg&auto=compress&fit=crop","price":"16.99","pricePer":"$2.42 / oz","purchaseUnit":"7 oz"},{"mainCategory":"Meat & Fish","categoryName":"Lamb & Game Meat","subCategoryName":"Game Meat","title":"Grass-Fed Bison Stew Meat (Frozen)","producer":"The Honest Bison","photoPath":"https://goodeggs4.imgix.net/e559d710-45aa-4639-b1cf-3e6af9320c48.jpg?w=380&h=238&fm=jpg&auto=compress&fit=crop","price":"16.99","pricePer":"$16.99 / lb","purchaseUnit":"1 lb"},{"mainCategory":"Meat & Fish","categoryName":"Lamb & Game Meat","subCategoryName":"Game Meat","title":"Grass-fed Venison Loin Steak (Frozen)","producer":"The Honest Bison","photoPath":"https://goodeggs4.imgix.net/77215bef-683b-4b2e-866b-c53a494566bc.jpg?w=380&h=238&fm=jpg&auto=compress&fit=crop","price":"18.69","pricePer":"$49.84 / lb","purchaseUnit":"0.375 lb"},{"mainCategory":"Meat & Fish","categoryName":"Deli Meat & Charcuterie","subCategoryName":"Sliced Ham","title":"Sliced Rosemary Ham","producer":"Healthy Food Inc. Kitchen","photoPath":"https://goodeggs4.imgix.net/d0797269-fa32-4fc2-879a-1da800812c6a.jpg?w=380&h=238&fm=jpg&auto=compress&fit=crop","price":"9.99","pricePer":"$19.98 / lb","purchaseUnit":"8 oz"},{"mainCategory":"Meat & Fish","categoryName":"Deli Meat & Charcuterie","subCategoryName":"Sliced Ham","title":"Black Forest Ham","producer":"True Story Foods","photoPath":"https://goodeggs4.imgix.net/49ae6054-817d-478c-bfef-57b46a5ef128.jpg?w=380&h=238&fm=jpg&auto=compress&fit=crop","price":"4.99","pricePer":"$13.30 / lb","purchaseUnit":"6 oz"},{"mainCategory":"Meat & Fish","categoryName":"Deli Meat & Charcuterie","subCategoryName":"Sliced Ham","title":"Uncured Wildflower Honey & Maple Ham","producer":"True Story Foods","photoPath":"https://goodeggs4.imgix.net/d0d80055-9ea4-4db2-b716-5fdf374b1527.jpg?w=380&h=238&fm=jpg&auto=compress&fit=crop","price":"4.99","pricePer":"$13.30 / lb","purchaseUnit":"6 oz"},{"mainCategory":"Meat & Fish","categoryName":"Deli Meat & Charcuterie","subCategoryName":"Sliced Ham","title":"Sliced Country Ham","producer":"Lady Edison Pork","photoPath":"https://goodeggs4.imgix.net/6692502d-2b5c-4043-8e66-8ad06b712bfa.jpg?w=380&h=238&fm=jpg&auto=compress&fit=crop","price":"12.99","pricePer":"$69.28 / lb","purchaseUnit":"3 oz"},{"mainCategory":"Meat & Fish","categoryName":"Deli Meat & Charcuterie","subCategoryName":"Sliced Charcuterie","title":"Sopressa","producer":"Creminelli Fine Meats","photoPath":"https://goodeggs4.imgix.net/418aa926-19fb-49e1-8365-3ff6150939e6.jpg?w=380&h=238&fm=jpg&auto=compress&fit=crop","price":"5.99","pricePer":"$2.99 / oz","purchaseUnit":"2 oz"},{"mainCategory":"Meat & Fish","categoryName":"Deli Meat & Charcuterie","subCategoryName":"Sliced Charcuterie","title":"Calabrese","producer":"Creminelli Fine Meats","photoPath":"https://goodeggs4.imgix.net/38b1353d-eb2a-4779-816d-8c438a75499e.jpg?w=380&h=238&fm=jpg&auto=compress&fit=crop","price":"5.99","pricePer":"$2.99 / oz","purchaseUnit":"2 oz"},{"mainCategory":"Meat & Fish","categoryName":"Deli Meat & Charcuterie","subCategoryName":"Sliced Charcuterie","title":"Prosciutto","producer":"Creminelli Fine Meats","photoPath":"https://goodeggs4.imgix.net/79b51d3b-78ab-4338-b7bb-aaa757a0df51.jpg?w=380&h=238&fm=jpg&auto=compress&fit=crop","price":"5.99","pricePer":"$2.99 / oz","purchaseUnit":"2 oz"},{"mainCategory":"Meat & Fish","categoryName":"Deli Meat & Charcuterie","subCategoryName":"Sliced Charcuterie","title":"Prosciutto & Mozzarella","producer":"Creminelli Fine Meats","photoPath":"https://goodeggs4.imgix.net/a454cfa0-8051-11eb-a49c-035b9bcc7078?w=380&h=238&fm=jpg&auto=compress&fit=crop","price":"3.99","pricePer":"$1.99 / oz","purchaseUnit":"2 oz"},{"mainCategory":"Meat & Fish","categoryName":"Deli Meat & Charcuterie","subCategoryName":"Sliced Charcuterie","title":"Prosciutto, Mozzarella & Grissini","producer":"Creminelli Fine Meats","photoPath":"https://goodeggs4.imgix.net/e0cfa073-8c35-4bd5-9683-a8a0c7a81dfa.jpg?w=380&h=238&fm=jpg&auto=compress&fit=crop","price":"5.99","pricePer":"$2.99 / oz","purchaseUnit":"2 oz"},{"mainCategory":"Meat & Fish","categoryName":"Deli Meat & Charcuterie","subCategoryName":"Sliced Charcuterie","title":"Sliced Mortadella","producer":"Healthy Food Inc. Kitchen","photoPath":"https://goodeggs4.imgix.net/8265ccfe-5341-4f1f-9d3e-2819e312c480.jpg?w=380&h=238&fm=jpg&auto=compress&fit=crop","price":"9.99","pricePer":"$19.98 / lb","purchaseUnit":"8 oz"},{"mainCategory":"Meat & Fish","categoryName":"Deli Meat & Charcuterie","subCategoryName":"Sliced Charcuterie","title":"Uncured Sliced Pepperoni","producer":"Hobbs Applewood Smoked Meats","photoPath":"https://goodeggs4.imgix.net/755d27e3-0b20-464c-9bff-0e1b7a47d423.jpg?w=380&h=238&fm=jpg&auto=compress&fit=crop","price":"7.99","pricePer":"$0.66 / oz","purchaseUnit":"12 oz"},{"mainCategory":"Meat & Fish","categoryName":"Deli Meat & Charcuterie","subCategoryName":"Sliced Charcuterie","title":"Creminelli Sliced Pepperoni","producer":"Healthy Food Inc. Kitchen","photoPath":"https://goodeggs4.imgix.net/ad931b4a-086b-4cca-9ae9-10e24b50dcb0.jpg?w=380&h=238&fm=jpg&auto=compress&fit=crop","price":"3.49","pricePer":"$1.74 / oz","purchaseUnit":"2 oz"},{"mainCategory":"Meat & Fish","categoryName":"Deli Meat & Charcuterie","subCategoryName":"Sliced Charcuterie","title":"Felino & Manchego","producer":"Creminelli Fine Meats","photoPath":"https://goodeggs4.imgix.net/66c15cc2-89f7-4072-8521-7da2c9b99427.jpg?w=380&h=238&fm=jpg&auto=compress&fit=crop","price":"5.99","pricePer":null,"purchaseUnit":"2 oz"},{"mainCategory":"Meat & Fish","categoryName":"Deli Meat & Charcuterie","subCategoryName":"Sliced Charcuterie","title":"Varzi","producer":"Creminelli Fine Meats","photoPath":"https://goodeggs4.imgix.net/017f3c7c-6225-4e63-b47e-fa494a381401.jpg?w=380&h=238&fm=jpg&auto=compress&fit=crop","price":"5.99","pricePer":"$2.99 / oz","purchaseUnit":"2 oz"},{"mainCategory":"Meat & Fish","categoryName":"Deli Meat & Charcuterie","subCategoryName":"Sliced Charcuterie","title":"Uncured Finocchiona","producer":"Brooklyn Cured","photoPath":"https://goodeggs4.imgix.net/ac0fe160-ae96-4987-90eb-e323c76beaee.jpg?w=380&h=238&fm=jpg&auto=compress&fit=crop","price":"7.99","pricePer":"$2.66 / oz","purchaseUnit":"3 oz"},{"mainCategory":"Meat & Fish","categoryName":"Deli Meat & Charcuterie","subCategoryName":"Sliced Charcuterie","title":"Hot Soppressata","producer":"Brooklyn Cured","photoPath":"https://goodeggs4.imgix.net/2cfca296-debc-44cd-ab2c-318d6ca84cbb.jpg?w=380&h=238&fm=jpg&auto=compress&fit=crop","price":"7.99","pricePer":"$2.66 / oz","purchaseUnit":"3 oz"},{"mainCategory":"Meat & Fish","categoryName":"Deli Meat & Charcuterie","subCategoryName":"Sliced Charcuterie","title":"Sliced Country Ham","producer":"Lady Edison Pork","photoPath":"https://goodeggs4.imgix.net/6692502d-2b5c-4043-8e66-8ad06b712bfa.jpg?w=380&h=238&fm=jpg&auto=compress&fit=crop","price":"12.99","pricePer":"$69.28 / lb","purchaseUnit":"3 oz"},{"mainCategory":"Meat & Fish","categoryName":"Deli Meat & Charcuterie","subCategoryName":"Sliced Charcuterie","title":"Duck Breast Prosciutto","producer":"Fabrique Délices","photoPath":"https://goodeggs4.imgix.net/d54da587-be50-4fb0-8281-6d1987d1ab45.jpg?w=380&h=238&fm=jpg&auto=compress&fit=crop","price":"15.99","pricePer":"$7.99 / oz","purchaseUnit":"2 oz"},{"mainCategory":"Meat & Fish","categoryName":"Deli Meat & Charcuterie","subCategoryName":"Sliced Charcuterie","title":"Sliced Salami Cotto","producer":"Healthy Food Inc. Kitchen","photoPath":"https://goodeggs4.imgix.net/18f5a6f2-031d-4967-9b80-d432bc3602b6.jpg?w=380&h=238&fm=jpg&auto=compress&fit=crop","price":"7.99","pricePer":"$15.98 / lb","purchaseUnit":"8 oz"},{"mainCategory":"Meat & Fish","categoryName":"Deli Meat & Charcuterie","subCategoryName":"Sliced Chicken & Turkey","title":"Organic Thick-Cut Oven Roasted Chicken Breast","producer":"True Story Foods","photoPath":"https://goodeggs4.imgix.net/85b0bd21-5658-4555-af8f-315869e89ecb.jpg?w=380&h=238&fm=jpg&auto=compress&fit=crop","price":"5.99","pricePer":"$15.97 / lb","purchaseUnit":"6 oz"},{"mainCategory":"Meat & Fish","categoryName":"Deli Meat & Charcuterie","subCategoryName":"Sliced Chicken & Turkey","title":"Organic Thin-Cut Hickory Smoked Turkey Breast","producer":"Mary's Free Range Chicken","photoPath":"https://goodeggs4.imgix.net/08e377cf-dba7-4092-a547-b7917f01efc3.jpg?w=380&h=238&fm=jpg&auto=compress&fit=crop","price":"5.99","pricePer":"$0.99 / oz","purchaseUnit":"6 oz"},{"mainCategory":"Meat & Fish","categoryName":"Deli Meat & Charcuterie","subCategoryName":"Sliced Chicken & Turkey","title":"Organic Oven Roasted Turkey Breast","producer":"True Story Foods","photoPath":"https://goodeggs4.imgix.net/9b85a8f5-6517-4a9a-b453-91e47f37cc49.jpg?w=380&h=238&fm=jpg&auto=compress&fit=crop","price":"5.99","pricePer":"$15.97 / lb","purchaseUnit":"6 oz"},{"mainCategory":"Meat & Fish","categoryName":"Deli Meat & Charcuterie","subCategoryName":"Sliced Chicken & Turkey","title":"Deli Sliced Fresh Roasted Turkey","producer":"Healthy Food Inc. Kitchen","photoPath":"https://goodeggs4.imgix.net/e0b0ad7d-f6b7-4df8-a4ab-9f2a1da80eff.jpg?w=380&h=238&fm=jpg&auto=compress&fit=crop","price":"9.99","pricePer":"$1.24 / oz","purchaseUnit":"8 oz"},{"mainCategory":"Meat & Fish","categoryName":"Deli Meat & Charcuterie","subCategoryName":"Sliced Chicken & Turkey","title":"Organic Honey Roasted Turkey","producer":"Diestel Turkey","photoPath":"https://goodeggs4.imgix.net/ccfcf324-c974-4e40-91dd-4ae32b7aa195.jpg?w=380&h=238&fm=jpg&auto=compress&fit=crop","price":"6.49","pricePer":"$17.30 / lb","purchaseUnit":"6 oz"},{"mainCategory":"Meat & Fish","categoryName":"Deli Meat & Charcuterie","subCategoryName":"Sliced Chicken & Turkey","title":"Organic Fresh Roasted Turkey","producer":"Diestel Turkey","photoPath":"https://goodeggs4.imgix.net/c292744e-ad3d-424a-8b31-279beefe43b2.jpg?w=380&h=238&fm=jpg&auto=compress&fit=crop","price":"6.49","pricePer":"$17.30 / lb","purchaseUnit":"6 oz"},{"mainCategory":"Meat & Fish","categoryName":"Deli Meat & Charcuterie","subCategoryName":"Sliced Chicken & Turkey","title":"Organic Thin-Cut Honey Roasted Turkey Breast","producer":"Mary's Free Range Chicken","photoPath":"https://goodeggs4.imgix.net/ed4e258e-7b0a-4b92-b70f-bd3c5a09a535.jpg?w=380&h=238&fm=jpg&auto=compress&fit=crop","price":"5.99","pricePer":"$0.99 / oz","purchaseUnit":"6 oz"},{"mainCategory":"Meat & Fish","categoryName":"Deli Meat & Charcuterie","subCategoryName":"Sliced Chicken & Turkey","title":"Organic Oven Roasted Turkey","producer":"Diestel Turkey","photoPath":"https://goodeggs4.imgix.net/34c9a4f9-a85e-4fc6-a11a-83bc0cae54cd.jpg?w=380&h=238&fm=jpg&auto=compress&fit=crop","price":"6.49","pricePer":"$17.30 / lb","purchaseUnit":"6 oz"},{"mainCategory":"Meat & Fish","categoryName":"Deli Meat & Charcuterie","subCategoryName":"Sliced Chicken & Turkey","title":"Organic Thin-Cut Oven Roasted Chicken Breast","producer":"Mary's Free Range Chicken","photoPath":"https://goodeggs4.imgix.net/7300a7cb-33d1-4678-b48c-d08c56df71de.jpg?w=380&h=238&fm=jpg&auto=compress&fit=crop","price":"5.99","pricePer":"$0.99 / oz","purchaseUnit":"6 oz"},{"mainCategory":"Meat & Fish","categoryName":"Deli Meat & Charcuterie","subCategoryName":"Sliced Chicken & Turkey","title":"Smoked Turkey","producer":"Diestel Turkey","photoPath":"https://goodeggs4.imgix.net/8a53e48e-8f35-4731-b41f-ae3e11d1e4d6.jpg?w=380&h=238&fm=jpg&auto=compress&fit=crop","price":"5.99","pricePer":"$15.97 / lb","purchaseUnit":"6 oz"},{"mainCategory":"Meat & Fish","categoryName":"Deli Meat & Charcuterie","subCategoryName":"Sliced Chicken & Turkey","title":"Pastrami Seasoned Turkey","producer":"Diestel Turkey","photoPath":"https://goodeggs4.imgix.net/ea8b6658-5c8f-4aa1-a55e-697fe8e67d57.jpg?w=380&h=238&fm=jpg&auto=compress&fit=crop","price":"5.99","pricePer":"$15.97 / lb","purchaseUnit":"6 oz"},{"mainCategory":"Meat & Fish","categoryName":"Deli Meat & Charcuterie","subCategoryName":"Sliced Chicken & Turkey","title":"Herb Roasted Turkey","producer":"Diestel Turkey","photoPath":"https://goodeggs4.imgix.net/65d4a02d-1890-4bcd-b90c-3688cb99cb42.jpg?w=380&h=238&fm=jpg&auto=compress&fit=crop","price":"5.99","pricePer":"$15.97 / lb","purchaseUnit":"6 oz"},{"mainCategory":"Meat & Fish","categoryName":"Deli Meat & Charcuterie","subCategoryName":"Sliced Chicken & Turkey","title":"Peppered Roast Turkey","producer":"Diestel Turkey","photoPath":"https://goodeggs4.imgix.net/8f8c384e-1ce6-4b8a-8db8-6815941e4dc6.jpg?w=380&h=238&fm=jpg&auto=compress&fit=crop","price":"5.99","pricePer":"$15.97 / lb","purchaseUnit":"6 oz"},{"mainCategory":"Meat & Fish","categoryName":"Deli Meat & Charcuterie","subCategoryName":"Sliced Beef","title":"Deli Sliced Roast Beef","producer":"Healthy Food Inc. Kitchen","photoPath":"https://goodeggs4.imgix.net/c0453e25-49b9-4fda-aa17-1db10155fe0b.jpg?w=380&h=238&fm=jpg&auto=compress&fit=crop","price":"17.99","pricePer":"$23.98 / lb","purchaseUnit":"12 oz"},{"mainCategory":"Meat & Fish","categoryName":"Deli Meat & Charcuterie","subCategoryName":"Sliced Beef","title":"Smoked Beef Salami","producer":"Brooklyn Cured","photoPath":"https://goodeggs4.imgix.net/931fe5e5-c440-49e4-9f42-9ca8d9b46169.jpg?w=380&h=238&fm=jpg&auto=compress&fit=crop","price":"7.99","pricePer":"$2.66 / oz","purchaseUnit":"3 oz"},{"mainCategory":"Meat & Fish","categoryName":"Deli Meat & Charcuterie","subCategoryName":"Sliced Beef","title":"Spicy Beef Salami","producer":"Brooklyn Cured","photoPath":"https://goodeggs4.imgix.net/814de88b-a051-48c8-b680-dfc8aa5a850b.jpg?w=380&h=238&fm=jpg&auto=compress&fit=crop","price":"7.99","pricePer":"$2.66 / oz","purchaseUnit":"3 oz"},{"mainCategory":"Meat & Fish","categoryName":"Deli Meat & Charcuterie","subCategoryName":"Sliced Beef","title":"Beef Bresoala","producer":"Brooklyn Cured","photoPath":"https://goodeggs4.imgix.net/1e846f81-3ca7-4e0c-87a4-ca18d6ba2b8f.jpg?w=380&h=238&fm=jpg&auto=compress&fit=crop","price":"8.99","pricePer":"$2.99 / oz","purchaseUnit":"3 oz"},{"mainCategory":"Meat & Fish","categoryName":"Deli Meat & Charcuterie","subCategoryName":"Charcuterie","title":"Chorizo Rioja","producer":"Olympia Provisions","photoPath":"https://goodeggs4.imgix.net/4dde199c-80ff-426f-a5ee-3b4e4d95f34e.jpg?w=380&h=238&fm=jpg&auto=compress&fit=crop","price":"9.99","pricePer":"$38.05 / lb","purchaseUnit":"4.2 oz"},{"mainCategory":"Meat & Fish","categoryName":"Deli Meat & Charcuterie","subCategoryName":"Charcuterie","title":"Chorizo Navarre","producer":"Olympia Provisions","photoPath":"https://goodeggs4.imgix.net/2c454a14-ab21-4cba-a679-5d3a9098c260.jpg?w=380&h=238&fm=jpg&auto=compress&fit=crop","price":"9.99","pricePer":"$38.05 / lb","purchaseUnit":"4.2 oz"},{"mainCategory":"Meat & Fish","categoryName":"Deli Meat & Charcuterie","subCategoryName":"Charcuterie","title":"Duck Mousse","producer":"Fabrique Délices","photoPath":"https://goodeggs4.imgix.net/0909dd78-7bc1-482e-9280-0da6efaa9fa7.jpg?w=380&h=238&fm=jpg&auto=compress&fit=crop","price":"6.99","pricePer":"$0.99 / oz","purchaseUnit":"7 oz"},{"mainCategory":"Meat & Fish","categoryName":"Deli Meat & Charcuterie","subCategoryName":"Charcuterie","title":"Truffle Mousse","producer":"Fabrique Délices","photoPath":"https://goodeggs4.imgix.net/8ff2a5a1-150a-4988-9559-be12d49d80d2.jpg?w=380&h=238&fm=jpg&auto=compress&fit=crop","price":"7.99","pricePer":"$1.14 / oz","purchaseUnit":"7 oz"},{"mainCategory":"Meat & Fish","categoryName":"Deli Meat & Charcuterie","subCategoryName":"Charcuterie","title":"Pork Pistachio Pâtè","producer":"Olympia Provisions","photoPath":"https://goodeggs4.imgix.net/b87b1565-8f0c-4335-8cc7-6986746625b5.jpg?w=380&h=238&fm=jpg&auto=compress&fit=crop","price":"9.99","pricePer":"$1.24 / oz","purchaseUnit":"8 oz"},{"mainCategory":"Meat & Fish","categoryName":"Deli Meat & Charcuterie","subCategoryName":"Charcuterie","title":"Pork Pâté with Black Pepper","producer":"Fabrique Délices","photoPath":"https://goodeggs4.imgix.net/5670cee7-e8be-4ae1-9d14-89ee9a74c2de.jpg?w=380&h=238&fm=jpg&auto=compress&fit=crop","price":"6.99","pricePer":"$0.99 / oz","purchaseUnit":"7 oz"},{"mainCategory":"Meat & Fish","categoryName":"Deli Meat & Charcuterie","subCategoryName":"Charcuterie","title":"Duck Rillettes","producer":"Fabrique Délices","photoPath":"https://goodeggs4.imgix.net/bd364dc1-988b-48bb-9198-1a7fe0c7cd35.jpg?w=380&h=238&fm=jpg&auto=compress&fit=crop","price":"11.99","pricePer":"$1.71 / oz","purchaseUnit":"7 oz"},{"mainCategory":"Meat & Fish","categoryName":"Deli Meat & Charcuterie","subCategoryName":"Charcuterie","title":"Nduja Spreadable Salame","producer":"Journeyman Meat Co.","photoPath":"https://goodeggs4.imgix.net/10c98ade-252f-449f-9393-dac53b39a081.jpg?w=380&h=238&fm=jpg&auto=compress&fit=crop","price":"12.99","pricePer":"$2.07 / oz","purchaseUnit":"6.25 oz"},{"mainCategory":"Meat & Fish","categoryName":"Deli Meat & Charcuterie","subCategoryName":"Charcuterie","title":"Pork Summer Sausage","producer":"Olympia Provisions","photoPath":"https://goodeggs4.imgix.net/b46f47d4-d2c1-492e-86cd-c59718da5695.jpg?w=380&h=238&fm=jpg&auto=compress&fit=crop","price":"10.99","pricePer":"$14.65 / lb","purchaseUnit":"0.75 lb"},{"mainCategory":"Meat & Fish","categoryName":"Deli Meat & Charcuterie","subCategoryName":"Charcuterie","title":"Saucisson Sec","producer":"Olympia Provisions","photoPath":"https://goodeggs4.imgix.net/75babc3c-feae-4d5b-9366-a30b4ac091ba.jpg?w=380&h=238&fm=jpg&auto=compress&fit=crop","price":"9.99","pricePer":"$38.05 / lb","purchaseUnit":"4.2 oz"},{"mainCategory":"Meat & Fish","categoryName":"Deli Meat & Charcuterie","subCategoryName":"Charcuterie","title":"Salametto","producer":"Fra' Mani Handcrafted Foods","photoPath":"https://goodeggs4.imgix.net/8e38c895-7248-48ca-b110-f33a1f0dbdc1.jpg?w=380&h=238&fm=jpg&auto=compress&fit=crop","price":"18.99","pricePer":null,"purchaseUnit":"12 oz"},{"mainCategory":"Meat & Fish","categoryName":"Deli Meat & Charcuterie","subCategoryName":"Charcuterie","title":"Finocchiona","producer":"Olympia Provisions","photoPath":"https://goodeggs4.imgix.net/352febec-f4ed-498e-a9c1-a2c17db7ec51.jpg?w=380&h=238&fm=jpg&auto=compress&fit=crop","price":"9.99","pricePer":"$38.05 / lb","purchaseUnit":"4.2 oz"},{"mainCategory":"Meat & Fish","categoryName":"Deli Meat & Charcuterie","subCategoryName":"Charcuterie","title":"Casalingo","producer":"Creminelli Fine Meats","photoPath":"https://goodeggs4.imgix.net/40c84c25-cdfd-46b4-a79c-a3273710c1b2.jpg?w=380&h=238&fm=jpg&auto=compress&fit=crop","price":"7.99","pricePer":"$1.45 / oz","purchaseUnit":"5.5 oz"},{"mainCategory":"Meat & Fish","categoryName":"Deli Meat & Charcuterie","subCategoryName":"Charcuterie","title":"Sopressata","producer":"Olympia Provisions","photoPath":"https://goodeggs4.imgix.net/c7d6d13c-7b31-4d2d-a33f-5e1e3914bd9c.jpg?w=380&h=238&fm=jpg&auto=compress&fit=crop","price":"9.99","pricePer":"$38.05 / lb","purchaseUnit":"4.2 oz"},{"mainCategory":"Meat & Fish","categoryName":"Deli Meat & Charcuterie","subCategoryName":"Charcuterie","title":"Red Wattle Salami","producer":"Fatted Calf Charcuterie","photoPath":"https://goodeggs4.imgix.net/d9792e6f-a2ee-4554-89e8-efdf97260f35.jpg?w=380&h=238&fm=jpg&auto=compress&fit=crop","price":"10.99","pricePer":"$2.19 / oz","purchaseUnit":"5 oz"},{"mainCategory":"Meat & Fish","categoryName":"Deli Meat & Charcuterie","subCategoryName":"Charcuterie","title":"Duroc Salami","producer":"Fatted Calf Charcuterie","photoPath":"https://goodeggs4.imgix.net/69f2c828-e9ae-40b0-aac9-8d920d8cfc33.jpg?w=380&h=238&fm=jpg&auto=compress&fit=crop","price":"10.99","pricePer":null,"purchaseUnit":"5 oz"},{"mainCategory":"Meat & Fish","categoryName":"Deli Meat & Charcuterie","subCategoryName":"Charcuterie","title":"Piccante","producer":"Creminelli Fine Meats","photoPath":"https://goodeggs4.imgix.net/28232fc4-1989-4658-ae27-43acc016cfa5.jpg?w=380&h=238&fm=jpg&auto=compress&fit=crop","price":"7.99","pricePer":"$1.45 / oz","purchaseUnit":"5.5 oz"},{"mainCategory":"Meat & Fish","categoryName":"Deli Meat & Charcuterie","subCategoryName":"Charcuterie","title":"Saucisson D'Arles","producer":"Olympia Provisions","photoPath":"https://goodeggs4.imgix.net/c24b6e07-4147-4c76-b55f-d0e9bfe51fc7.jpg?w=380&h=238&fm=jpg&auto=compress&fit=crop","price":"9.99","pricePer":"$35.52 / lb","purchaseUnit":"4.5 oz"},{"mainCategory":"Meat & Fish","categoryName":"Deli Meat & Charcuterie","subCategoryName":"Charcuterie","title":"Tartufo","producer":"Creminelli Fine Meats","photoPath":"https://goodeggs4.imgix.net/6f51c01a-c0b9-4be8-8fbd-4f7ca26efeaf.jpg?w=380&h=238&fm=jpg&auto=compress&fit=crop","price":"9.99","pricePer":"$1.81 / oz","purchaseUnit":"5.5 oz"},{"mainCategory":"Meat & Fish","categoryName":"Deli Meat & Charcuterie","subCategoryName":"Charcuterie","title":"Salame Calabrese","producer":"Fra' Mani Handcrafted Foods","photoPath":"https://goodeggs4.imgix.net/f1bcf6bf-4dc2-422d-bd9a-529b9479e42a.jpg?w=380&h=238&fm=jpg&auto=compress&fit=crop","price":"18.99","pricePer":null,"purchaseUnit":"11 oz"},{"mainCategory":"Meat & Fish","categoryName":"Deli Meat & Charcuterie","subCategoryName":"Charcuterie","title":"Barolo","producer":"Creminelli Fine Meats","photoPath":"https://goodeggs4.imgix.net/c21cfc60-2e86-4811-82ce-e7f608c594d7.jpg?w=380&h=238&fm=jpg&auto=compress&fit=crop","price":"9.99","pricePer":"$1.81 / oz","purchaseUnit":"5.5 oz"},{"mainCategory":"Meat & Fish","categoryName":"Deli Meat & Charcuterie","subCategoryName":"Charcuterie","title":"Il Pio Salame","producer":"Journeyman Meat Co.","photoPath":"https://goodeggs4.imgix.net/85a8fa28-847a-4bca-9728-bfbc41fe4ade.jpg?w=380&h=238&fm=jpg&auto=compress&fit=crop","price":"14.99","pricePer":"$2.39 / oz","purchaseUnit":"6.25 oz"},{"mainCategory":"Meat & Fish","categoryName":"Deli Meat & Charcuterie","subCategoryName":"Charcuterie","title":"Fonicchiona Salame","producer":"Journeyman Meat Co.","photoPath":"https://goodeggs4.imgix.net/20ff97d7-bc7f-4457-b658-4d46b3801cea.jpg?w=380&h=238&fm=jpg&auto=compress&fit=crop","price":"14.99","pricePer":"$2.39 / oz","purchaseUnit":"6.25 oz"},{"mainCategory":"Meat & Fish","categoryName":"Deli Meat & Charcuterie","subCategoryName":"Charcuterie","title":"Parmesan & Porcini Salame","producer":"Journeyman Meat Co.","photoPath":"https://goodeggs4.imgix.net/998f61c8-4b40-4e10-ae0c-6fce0dcf6441.jpg?w=380&h=238&fm=jpg&auto=compress&fit=crop","price":"14.99","pricePer":"$2.39 / oz","purchaseUnit":"6.25 oz"},{"mainCategory":"Meat & Fish","categoryName":"Deli Meat & Charcuterie","subCategoryName":"Charcuterie","title":"Sonoma Rosso Salame","producer":"Journeyman Meat Co.","photoPath":"https://goodeggs4.imgix.net/104c252e-a437-482a-85d6-2fa30aabb288.jpg?w=380&h=238&fm=jpg&auto=compress&fit=crop","price":"14.99","pricePer":"$2.39 / oz","purchaseUnit":"6.25 oz"},{"mainCategory":"Meat & Fish","categoryName":"Deli Meat & Charcuterie","subCategoryName":"Charcuterie","title":"Soppressata Salame","producer":"Journeyman Meat Co.","photoPath":"https://goodeggs4.imgix.net/a93bce01-1d26-4d7f-b939-82b62cd7cc7b.jpg?w=380&h=238&fm=jpg&auto=compress&fit=crop","price":"14.99","pricePer":"$2.39 / oz","purchaseUnit":"6.25 oz"},{"mainCategory":"Meat & Fish","categoryName":"Deli Meat & Charcuterie","subCategoryName":"Charcuterie","title":"Pork Rillettes","producer":"Fabrique Délices","photoPath":"https://goodeggs4.imgix.net/0e60d259-be83-4ccc-8c06-36f5d23a8abc.jpg?w=380&h=238&fm=jpg&auto=compress&fit=crop","price":"9.99","pricePer":"$1.42 / oz","purchaseUnit":"7 oz"},{"mainCategory":"Meat & Fish","categoryName":"Deli Meat & Charcuterie","subCategoryName":"Charcuterie","title":"Duck Salami","producer":"Fabrique Délices","photoPath":"https://goodeggs4.imgix.net/8fe7cd21-20c6-4971-bcaf-d190a1acf223.jpg?w=380&h=238&fm=jpg&auto=compress&fit=crop","price":"16.99","pricePer":"$2.83 / oz","purchaseUnit":"6 oz"},{"mainCategory":"Meat & Fish","categoryName":"Jerky","subCategoryName":"Beef & Pork Sticks","title":"Original Pork Snack Stick","producer":"Big Fork Brands","photoPath":"https://goodeggs4.imgix.net/9660a7bd-1ed7-4b39-a902-174f26d0d6bd.jpg?w=380&h=238&fm=jpg&auto=compress&fit=crop","price":"2.99","pricePer":"$2.99 / oz","purchaseUnit":"1 oz"},{"mainCategory":"Meat & Fish","categoryName":"Jerky","subCategoryName":"Beef & Pork Sticks","title":"Thai Green Curry Pork Snack Stick","producer":"Big Fork Brands","photoPath":"https://goodeggs4.imgix.net/2c918d00-2242-47c5-9e5d-8ec605d2bf20.jpg?w=380&h=238&fm=jpg&auto=compress&fit=crop","price":"2.99","pricePer":"$2.99 / oz","purchaseUnit":"1 oz"},{"mainCategory":"Meat & Fish","categoryName":"Jerky","subCategoryName":"Beef & Pork Sticks","title":"Maple & Pepper Pork Snack Stick","producer":"Big Fork Brands","photoPath":"https://goodeggs4.imgix.net/6ccaeaed-b66e-4cbf-9db3-f695861ed097.jpg?w=380&h=238&fm=jpg&auto=compress&fit=crop","price":"2.99","pricePer":"$2.99 / oz","purchaseUnit":"1 oz"},{"mainCategory":"Meat & Fish","categoryName":"Jerky","subCategoryName":"Chicken & Turkey Sticks","title":"Turkey Snack Sticks","producer":"Nick's Sticks","photoPath":"https://goodeggs4.imgix.net/08bf5507-78ef-4d3e-b9b0-2e931275ba2e.jpg?w=380&h=238&fm=jpg&auto=compress&fit=crop","price":"2.99","pricePer":"$1.75 / oz","purchaseUnit":"1.7 oz"},{"mainCategory":"Meat & Fish","categoryName":"Jerky","subCategoryName":"Chicken & Turkey Sticks","title":"Chicken Snack Sticks","producer":"Nick's Sticks","photoPath":"https://goodeggs4.imgix.net/bfe3d56e-90c3-4e0a-b270-0ff13e1177a6.jpg?w=380&h=238&fm=jpg&auto=compress&fit=crop","price":"2.99","pricePer":"$1.75 / oz","purchaseUnit":"1.7 oz"},{"mainCategory":"Meat & Fish","categoryName":"Jerky","subCategoryName":"Chicken & Turkey Sticks","title":"Spicy Chicken Snack Sticks","producer":"Nick's Sticks","photoPath":"https://goodeggs4.imgix.net/bfca0683-a549-465b-a56b-5b9405059407.jpg?w=380&h=238&fm=jpg&auto=compress&fit=crop","price":"2.99","pricePer":"$1.75 / oz","purchaseUnit":"1.7 oz"},{"mainCategory":"Meat & Fish","categoryName":"Jerky","subCategoryName":"Chicken & Turkey Sticks","title":"Spicy Turkey Snack Sticks","producer":"Nick's Sticks","photoPath":"https://goodeggs4.imgix.net/c4d11bc5-33e1-40ed-bc3d-d02bd28b1f40.jpg?w=380&h=238&fm=jpg&auto=compress&fit=crop","price":"2.99","pricePer":"$1.75 / oz","purchaseUnit":"1.7 oz"},{"mainCategory":"Meat & Fish","categoryName":"Jerky","subCategoryName":"Beef & Pork Jerky","title":"Premium Original Jerky Strips","producer":"Chudabeef","photoPath":"https://goodeggs4.imgix.net/e153b2d5-3e22-41fa-93e4-704a109f8a96.jpg?w=380&h=238&fm=jpg&auto=compress&fit=crop","price":"6.99","pricePer":"$3.10 / oz","purchaseUnit":"2.25 oz"},{"mainCategory":"Meat & Fish","categoryName":"Jerky","subCategoryName":"Beef & Pork Jerky","title":"Classic Beef Jerky","producer":"Two Chicks Jerky","photoPath":"https://goodeggs4.imgix.net/29fb3744-3ace-4381-aada-4c2e229b6e36.jpg?w=380&h=238&fm=jpg&auto=compress&fit=crop","price":"8.99","pricePer":"$4.49 / oz","purchaseUnit":"2 oz"},{"mainCategory":"Meat & Fish","categoryName":"Jerky","subCategoryName":"Beef & Pork Jerky","title":"Premium Hawaiian-Style Jerky Strips","producer":"Chudabeef","photoPath":"https://goodeggs4.imgix.net/21335d4a-c468-4cc1-88e9-a6e71d50dba4.jpg?w=380&h=238&fm=jpg&auto=compress&fit=crop","price":"6.99","pricePer":"$3.10 / oz","purchaseUnit":"2.25 oz"},{"mainCategory":"Meat & Fish","categoryName":"Jerky","subCategoryName":"Beef & Pork Jerky","title":"Habanero Beef Jerky","producer":"Two Chicks Jerky","photoPath":"https://goodeggs4.imgix.net/4a74abfe-3714-413f-a23d-dc45d2957440.jpg?w=380&h=238&fm=jpg&auto=compress&fit=crop","price":"8.99","pricePer":"$4.49 / oz","purchaseUnit":"2 oz"},{"mainCategory":"Meat & Fish","categoryName":"Jerky","subCategoryName":"Beef & Pork Jerky","title":"Premium OG Spicy Jerky Strips","producer":"Chudabeef","photoPath":"https://goodeggs4.imgix.net/73d94227-6c33-45fa-82e4-84bfe5cc49e1.jpg?w=380&h=238&fm=jpg&auto=compress&fit=crop","price":"6.99","pricePer":"$3.10 / oz","purchaseUnit":"2.25 oz"},{"mainCategory":"Meat & Fish","categoryName":"Jerky","subCategoryName":"Beef & Pork Jerky","title":"Premium Garliyaki Jerky Strips","producer":"Chudabeef","photoPath":"https://goodeggs4.imgix.net/144bbd38-3308-4bcb-9dc7-f86a7e4ce064.jpg?w=380&h=238&fm=jpg&auto=compress&fit=crop","price":"6.99","pricePer":"$3.10 / oz","purchaseUnit":"2.25 oz"},{"mainCategory":"Meat & Fish","categoryName":"Jerky","subCategoryName":"Beef & Pork Jerky","title":"Spicy 3-Pepper Pork Jerky","producer":"Big Fork Brands","photoPath":"https://goodeggs4.imgix.net/d10582db-92a5-4c29-966d-a8dd3d038f48.jpg?w=380&h=238&fm=jpg&auto=compress&fit=crop","price":"5.99","pricePer":"$2.66 / oz","purchaseUnit":"2.25 oz"},{"mainCategory":"Meat & Fish","categoryName":"Fish & Shellfish","subCategoryName":"Salmon & Trout","title":"Wild Washington Arctic Char","producer":"One Ocean Seafood","photoPath":"https://goodeggs4.imgix.net/a4bd13aa-36b5-445d-b1a5-cb3488b776e7.jpg?w=380&h=238&fm=jpg&auto=compress&fit=crop","price":"14.99","pricePer":"$29.98 / lb","purchaseUnit":"0.5 lb"},{"mainCategory":"Meat & Fish","categoryName":"Fish & Shellfish","subCategoryName":"Salmon & Trout","title":"Wild Coho Salmon Filet (Frozen)","producer":"Kenai Red Fish Company","photoPath":"https://goodeggs4.imgix.net/7d250fef-1a74-4c1d-8a52-7834ddc037e9.jpg?w=380&h=238&fm=jpg&auto=compress&fit=crop","price":"13.99","pricePer":"$18.65 / lb","purchaseUnit":"0.75 lb"},{"mainCategory":"Meat & Fish","categoryName":"Fish & Shellfish","subCategoryName":"Salmon & Trout","title":"Wild Sockeye Filet (Frozen)","producer":"Kenai Red Fish Company","photoPath":"https://goodeggs4.imgix.net/8162a174-4f5f-4588-a23d-89d6638df597.jpg?w=380&h=238&fm=jpg&auto=compress&fit=crop","price":"14.99","pricePer":"$19.98 / lb","purchaseUnit":"0.75 lb"},{"mainCategory":"Meat & Fish","categoryName":"Fish & Shellfish","subCategoryName":"Salmon & Trout","title":"Wild Coho Salmon Filet (Frozen)","producer":"Kenai Red Fish Company","photoPath":"https://goodeggs4.imgix.net/8162a174-4f5f-4588-a23d-89d6638df597.jpg?w=380&h=238&fm=jpg&auto=compress&fit=crop","price":"9.99","pricePer":"$19.98 / lb","purchaseUnit":"0.5 lb"},{"mainCategory":"Meat & Fish","categoryName":"Fish & Shellfish","subCategoryName":"Salmon & Trout","title":"Farmed Steelhead Trout","producer":"One Ocean Seafood","photoPath":"https://goodeggs4.imgix.net/87e6284e-8a1c-4593-aa91-0ff4364aa817.jpg?w=380&h=238&fm=jpg&auto=compress&fit=crop","price":"9.99","pricePer":"$19.98 / lb","purchaseUnit":"0.5 lb"},{"mainCategory":"Meat & Fish","categoryName":"Fish & Shellfish","subCategoryName":"Salmon & Trout","title":"Wild Coho Salmon Pieces (Frozen)","producer":"Kenai Red Fish Company","photoPath":"https://goodeggs4.imgix.net/34af5f46-66b6-46b4-b6e5-e192fa18840e.jpg?w=380&h=238&fm=jpg&auto=compress&fit=crop","price":"15.99","pricePer":"$15.99 / lb","purchaseUnit":"1 lb"},{"mainCategory":"Meat & Fish","categoryName":"Fish & Shellfish","subCategoryName":"Salmon & Trout","title":"Farmed Trout Box (Frozen)","producer":"Ports Seafood","photoPath":"https://goodeggs4.imgix.net/abff2ab2-55d1-4a20-aa76-fc1e310dd99f.png?w=380&h=238&fm=jpg&auto=compress&fit=crop","price":"119.99","pricePer":"$11.99 / lb","purchaseUnit":"10 lb"},{"mainCategory":"Meat & Fish","categoryName":"Fish & Shellfish","subCategoryName":"Salmon & Trout","title":"Wild Mixed Fish Box (Frozen)","producer":"Ports Seafood","photoPath":"https://goodeggs4.imgix.net/2f64143b-0824-4d08-aa8d-b410607317a4.jpg?w=380&h=238&fm=jpg&auto=compress&fit=crop","price":"79.99","pricePer":"$15.99 / lb","purchaseUnit":"5 lb"},{"mainCategory":"Meat & Fish","categoryName":"Fish & Shellfish","subCategoryName":"Halibut & Sole","title":"Wild Pacific Petrale Sole","producer":"Four Star Seafood & Provisions","photoPath":"https://goodeggs4.imgix.net/a1817f0e-52fc-4f4b-a15f-af4fafccafe8.jpg?w=380&h=238&fm=jpg&auto=compress&fit=crop","price":"17.99","pricePer":"$17.99 / lb","purchaseUnit":"1 lb"},{"mainCategory":"Meat & Fish","categoryName":"Fish & Shellfish","subCategoryName":"Halibut & Sole","title":"Wild California Halibut","producer":"Four Star Seafood & Provisions","photoPath":"https://goodeggs4.imgix.net/2077a626-0bab-4d0f-aff3-def969c91a21.jpg?w=380&h=238&fm=jpg&auto=compress&fit=crop","price":"29.99","pricePer":"$29.99 / lb","purchaseUnit":"1 lb"},{"mainCategory":"Meat & Fish","categoryName":"Fish & Shellfish","subCategoryName":"Halibut & Sole","title":"Wild Alaskan Halibut","producer":"One Ocean Seafood","photoPath":"https://goodeggs4.imgix.net/86b905a8-73bf-4ae4-8b34-7e47c9e12bfd.jpg?w=380&h=238&fm=jpg&auto=compress&fit=crop","price":"14.99","pricePer":"$29.98 / lb","purchaseUnit":"0.5 lb"},{"mainCategory":"Meat & Fish","categoryName":"Fish & Shellfish","subCategoryName":"Halibut & Sole","title":"Wild California Halibut","producer":"One Ocean Seafood","photoPath":"https://goodeggs4.imgix.net/5bea754d-fe18-4f43-9448-771d1a96d8e5.jpg?w=380&h=238&fm=jpg&auto=compress&fit=crop","price":"14.99","pricePer":"$29.98 / lb","purchaseUnit":"0.5 lb"},{"mainCategory":"Meat & Fish","categoryName":"Fish & Shellfish","subCategoryName":"Halibut & Sole","title":"Wild Mixed Fish Box (Frozen)","producer":"Ports Seafood","photoPath":"https://goodeggs4.imgix.net/2f64143b-0824-4d08-aa8d-b410607317a4.jpg?w=380&h=238&fm=jpg&auto=compress&fit=crop","price":"79.99","pricePer":"$15.99 / lb","purchaseUnit":"5 lb"},{"mainCategory":"Meat & Fish","categoryName":"Fish & Shellfish","subCategoryName":"Shellfish","title":"Peeled & Deveined Large Wild Gulf Shrimp (Frozen)","producer":"Ports Seafood","photoPath":"https://goodeggs4.imgix.net/e081d0dd-6fc9-433c-ad19-b50eddb196cb.jpg?w=380&h=238&fm=jpg&auto=compress&fit=crop","price":"16.99","pricePer":"$16.99 / lb","purchaseUnit":"1 lb"},{"mainCategory":"Meat & Fish","categoryName":"Fish & Shellfish","subCategoryName":"Shellfish","title":"Fair Trade Wild Jumbo Blue Mexican Shrimp (Frozen)","producer":"Del Pacifico","photoPath":"https://goodeggs4.imgix.net/97c96dcb-43d1-4d24-afbb-df0ebca5df81.jpg?w=380&h=238&fm=jpg&auto=compress&fit=crop","price":"12.99","pricePer":"$12.99 / lb","purchaseUnit":"16 oz"},{"mainCategory":"Meat & Fish","categoryName":"Fish & Shellfish","subCategoryName":"Shellfish","title":"Cooked Wild Bay Shrimp (Frozen)","producer":"Four Star Seafood & Provisions","photoPath":"https://goodeggs4.imgix.net/055e84f5-8603-456e-9401-0f3d2107dc2f.jpg?w=380&h=238&fm=jpg&auto=compress&fit=crop","price":"12.99","pricePer":"$12.99 / lb","purchaseUnit":"1 lb"},{"mainCategory":"Meat & Fish","categoryName":"Fish & Shellfish","subCategoryName":"Shellfish","title":"Fair Trade Wild Mexican Shrimp Burger Patties (Frozen)","producer":"Del Pacifico","photoPath":"https://goodeggs4.imgix.net/d5cddae9-7247-4960-9fa0-73b3963efc87.jpg?w=380&h=238&fm=jpg&auto=compress&fit=crop","price":"11.99","pricePer":"$11.99 / lb","purchaseUnit":"4 count"},{"mainCategory":"Meat & Fish","categoryName":"Fish & Shellfish","subCategoryName":"Shellfish","title":"Fresh California Dungeness Crab Meat","producer":"Four Star Seafood & Provisions","photoPath":"https://goodeggs4.imgix.net/8f8bf284-08f9-4f6d-965e-890bb7d3d7e2.jpg?w=380&h=238&fm=jpg&auto=compress&fit=crop","price":"24.99","pricePer":"$49.98 / lb","purchaseUnit":"0.5 lb"},{"mainCategory":"Meat & Fish","categoryName":"Fish & Shellfish","subCategoryName":"Shellfish","title":"Maine Crab Claws with Cocktail & Mustard Sauce (Frozen)","producer":"Luke's Lobster","photoPath":"https://goodeggs4.imgix.net/b6d005f5-6507-4272-8da1-77befbfbb8a9.jpg?w=380&h=238&fm=jpg&auto=compress&fit=crop","price":"21.99","pricePer":"$21.99 / lb","purchaseUnit":"16 oz"},{"mainCategory":"Meat & Fish","categoryName":"Fish & Shellfish","subCategoryName":"Shellfish","title":"Wild Atlantic Scallops","producer":"Four Star Seafood & Provisions","photoPath":"https://goodeggs4.imgix.net/e413b724-05e7-4338-8fc1-6e1873ab72b5.jpg?w=380&h=238&fm=jpg&auto=compress&fit=crop","price":"29.99","pricePer":"$29.99 / lb","purchaseUnit":"1 lb"},{"mainCategory":"Meat & Fish","categoryName":"Fish & Shellfish","subCategoryName":"Shellfish","title":"Wild Alaskan Scallops (Frozen)","producer":"Sea to Shore Seafood Co.","photoPath":"https://goodeggs4.imgix.net/2443fe78-fc51-43e4-a308-f5e94504c68d.jpg?w=380&h=238&fm=jpg&auto=compress&fit=crop","price":"37.99","pricePer":"$30.39 / lb","purchaseUnit":"1.25 lb"},{"mainCategory":"Meat & Fish","categoryName":"Fish & Shellfish","subCategoryName":"Shellfish","title":"Wild Atlantic Scallops","producer":"Ports Seafood","photoPath":"https://goodeggs4.imgix.net/07971619-5a58-4339-a551-b750ded02376.jpg?w=380&h=238&fm=jpg&auto=compress&fit=crop","price":"29.99","pricePer":"$29.99 / lb","purchaseUnit":"16 oz"},{"mainCategory":"Meat & Fish","categoryName":"Fish & Shellfish","subCategoryName":"Shellfish","title":"Maine Lobster Meat with Luke's Secret Seasoning (Frozen)","producer":"Luke's Lobster","photoPath":"https://goodeggs4.imgix.net/c8bfae77-999a-4897-853a-bba8051f1f88.jpg?w=380&h=238&fm=jpg&auto=compress&fit=crop","price":"24.99","pricePer":"$49.98 / lb","purchaseUnit":"8 oz"},{"mainCategory":"Meat & Fish","categoryName":"Fish & Shellfish","subCategoryName":"Shellfish","title":"Head-On Giant Wild Gulf Coast Shrimp (Frozen)","producer":"One Ocean Seafood","photoPath":"https://goodeggs4.imgix.net/ba70f730-e2b3-4dd6-895b-070914e58515.jpg?w=380&h=238&fm=jpg&auto=compress&fit=crop","price":"23.99","pricePer":"$23.99 / lb","purchaseUnit":"1 lb"},{"mainCategory":"Meat & Fish","categoryName":"Fish & Shellfish","subCategoryName":"Shellfish","title":"Shell-On Extra-Jumbo Wild Gulf Coast Shrimp (Frozen)","producer":"One Ocean Seafood","photoPath":"https://goodeggs4.imgix.net/e2b2eb4b-6467-431d-b812-61ede9766a95.jpg?w=380&h=238&fm=jpg&auto=compress&fit=crop","price":"24.99","pricePer":"$24.99 / lb","purchaseUnit":"1 lb"},{"mainCategory":"Meat & Fish","categoryName":"Fish & Shellfish","subCategoryName":"Shellfish","title":"Smoked Alaskan Scallops (Frozen)","producer":"Ports Seafood","photoPath":"https://goodeggs4.imgix.net/e3afb678-92fe-4f68-95c9-aba76ade35df.jpg?w=380&h=238&fm=jpg&auto=compress&fit=crop","price":"13.99","pricePer":"$3.49 / oz","purchaseUnit":"4 oz"},{"mainCategory":"Meat & Fish","categoryName":"Fish & Shellfish","subCategoryName":"Shellfish","title":"Maine Lobster Tail with Lemon Garlic Marinade (Frozen)","producer":"Luke's Lobster","photoPath":"https://goodeggs4.imgix.net/5f783fe5-b955-4356-8c26-0b00bfb98739.jpg?w=380&h=238&fm=jpg&auto=compress&fit=crop","price":"19.99","pricePer":"$2.49 / oz","purchaseUnit":"2 count"},{"mainCategory":"Meat & Fish","categoryName":"Fish & Shellfish","subCategoryName":"Shellfish","title":"Searock Extra Small Pacific Oysters","producer":"Ports Seafood","photoPath":"https://goodeggs4.imgix.net/5c7bfac2-576a-4d55-99ff-4243f0222af9.jpg?w=380&h=238&fm=jpg&auto=compress&fit=crop","price":"9.99","pricePer":"$0.99 / oz","purchaseUnit":"10 oz"},{"mainCategory":"Meat & Fish","categoryName":"Fish & Shellfish","subCategoryName":"Shellfish","title":"Shrimp Cocktail","producer":"15 min total","photoPath":"https://goodeggs4.imgix.net/50ef7ed4-8749-45c8-bdaf-a6c1abb18c00.jpg?w=380&h=238&fm=jpg&auto=compress&fit=crop","price":"19.99","pricePer":null,"purchaseUnit":"6 servings"},{"mainCategory":"Meat & Fish","categoryName":"Fish & Shellfish","subCategoryName":"Whole Fish","title":"Wild Monterey Whole Sardines (Frozen)","producer":"Four Star Seafood & Provisions","photoPath":"https://goodeggs4.imgix.net/3b30341a-ee45-41a5-85e4-4ff188ef31b5.jpg?w=380&h=238&fm=jpg&auto=compress&fit=crop","price":"7.99","pricePer":"$7.99 / lb","purchaseUnit":"1 lb"},{"mainCategory":"Meat & Fish","categoryName":"Fish & Shellfish","subCategoryName":"Whole Fish","title":"Wild Monterey Whole Anchovies (Frozen)","producer":"Four Star Seafood & Provisions","photoPath":"https://goodeggs4.imgix.net/9392dd82-4a4a-4e86-b0e5-3a76b89acd80.jpg?w=380&h=238&fm=jpg&auto=compress&fit=crop","price":"8.99","pricePer":"$8.99 / lb","purchaseUnit":"1 lb"},{"mainCategory":"Meat & Fish","categoryName":"Fish & Shellfish","subCategoryName":"Cod & Whitefish","title":"Wild Rock Cod","producer":"One Ocean Seafood","photoPath":"https://goodeggs4.imgix.net/6d8182f2-fe35-4eaa-bc43-894726dd24ac.jpg?w=380&h=238&fm=jpg&auto=compress&fit=crop","price":"9.99","pricePer":"$9.99 / lb","purchaseUnit":"1 lb"},{"mainCategory":"Meat & Fish","categoryName":"Fish & Shellfish","subCategoryName":"Cod & Whitefish","title":"Wild California Black Cod","producer":"Four Star Seafood & Provisions","photoPath":"https://goodeggs4.imgix.net/f61f042e-ef9f-4223-acbc-47e0d31a9606.jpg?w=380&h=238&fm=jpg&auto=compress&fit=crop","price":"24.99","pricePer":"$24.99 / lb","purchaseUnit":"1 lb"},{"mainCategory":"Meat & Fish","categoryName":"Fish & Shellfish","subCategoryName":"Cod & Whitefish","title":"Skin-On Wild Alaskan Black Cod (Frozen)","producer":"Sea to Shore Seafood Co.","photoPath":"https://goodeggs4.imgix.net/7af851a2-51c8-4cca-b0c2-810db0af1c21.jpg?w=380&h=238&fm=jpg&auto=compress&fit=crop","price":"10.99","pricePer":"$1.37 / oz","purchaseUnit":"8 oz"},{"mainCategory":"Meat & Fish","categoryName":"Fish & Shellfish","subCategoryName":"Cod & Whitefish","title":"Farmed Smoked Sturgeon","producer":"Tsar Nicoulai","photoPath":"https://goodeggs4.imgix.net/f730ac25-e047-4dff-af8b-5814add25b4b.jpg?w=380&h=238&fm=jpg&auto=compress&fit=crop","price":"11.99","pricePer":"$1.99 / oz","purchaseUnit":"6 oz"},{"mainCategory":"Meat & Fish","categoryName":"Fish & Shellfish","subCategoryName":"Cod & Whitefish","title":"Wild Pacific Ahi Tuna Cubes (Frozen)","producer":"Four Star Seafood & Provisions","photoPath":"https://goodeggs4.imgix.net/31886a80-8043-11eb-a74a-432eca49252a?w=380&h=238&fm=jpg&auto=compress&fit=crop","price":"19.99","pricePer":"$19.99 / lb","purchaseUnit":"1 lb"},{"mainCategory":"Meat & Fish","categoryName":"Fish & Shellfish","subCategoryName":"Cod & Whitefish","title":"Wild Pacific Ahi Tuna Steak","producer":"Four Star Seafood & Provisions","photoPath":"https://goodeggs4.imgix.net/be35c7c0-828c-11eb-a49c-035b9bcc7078?w=380&h=238&fm=jpg&auto=compress&fit=crop","price":"27.99","pricePer":"$27.99 / lb","purchaseUnit":"1 lb"},{"mainCategory":"Meat & Fish","categoryName":"Fish & Shellfish","subCategoryName":"Cod & Whitefish","title":"Wild California White Seabass","producer":"One Ocean Seafood","photoPath":"https://goodeggs4.imgix.net/4c388306-78b8-4b3d-8df6-9f7fa7e0f868.jpg?w=380&h=238&fm=jpg&auto=compress&fit=crop","price":"14.99","pricePer":"$29.98 / lb","purchaseUnit":"0.5 lb"},{"mainCategory":"Meat & Fish","categoryName":"Fish & Shellfish","subCategoryName":"Cod & Whitefish","title":"Wild Pacific White Seabass","producer":"Four Star Seafood & Provisions","photoPath":"https://goodeggs4.imgix.net/9eb31a8b-76e5-45e3-8289-029ce788e9c0.jpg?w=380&h=238&fm=jpg&auto=compress&fit=crop","price":"24.99","pricePer":"$24.99 / lb","purchaseUnit":"1 lb"},{"mainCategory":"Meat & Fish","categoryName":"Fish & Shellfish","subCategoryName":"Cod & Whitefish","title":"Wild Alaskan True Cod (Frozen)","producer":"Kenai Red Fish Company","photoPath":"https://goodeggs4.imgix.net/07884433-2e35-4e98-865d-6eec117de6af.jpg?w=380&h=238&fm=jpg&auto=compress&fit=crop","price":"11.99","pricePer":"$15.98 / lb","purchaseUnit":"0.75 lb"},{"mainCategory":"Meat & Fish","categoryName":"Fish & Shellfish","subCategoryName":"Cod & Whitefish","title":"Wild Pacific Northwest Ling Cod","producer":"Four Star Seafood & Provisions","photoPath":"https://goodeggs4.imgix.net/b088248a-4d61-479e-9ce2-db368745bd1b.jpg?w=380&h=238&fm=jpg&auto=compress&fit=crop","price":"21.99","pricePer":"$21.99 / lb","purchaseUnit":"1 lb"},{"mainCategory":"Meat & Fish","categoryName":"Fish & Shellfish","subCategoryName":"Cod & Whitefish","title":"Wild Hawaiian Mahi Mahi Steak","producer":"One Ocean Seafood","photoPath":"https://goodeggs4.imgix.net/7ff5be51-cee9-4d33-9f4b-6482b29c5067.jpg?w=380&h=238&fm=jpg&auto=compress&fit=crop","price":"24.99","pricePer":"$24.99 / lb","purchaseUnit":"1 lb"},{"mainCategory":"Meat & Fish","categoryName":"Fish & Shellfish","subCategoryName":"Cod & Whitefish","title":"Wild Albacore Tuna Loin (Frozen)","producer":"One Ocean Seafood","photoPath":"https://goodeggs4.imgix.net/9f497dbc-b378-45c1-abb2-5a039e4eec4a.jpg?w=380&h=238&fm=jpg&auto=compress&fit=crop","price":"29.99","pricePer":"$29.99 / lb","purchaseUnit":"1 lb"},{"mainCategory":"Meat & Fish","categoryName":"Fish & Shellfish","subCategoryName":"Cod & Whitefish","title":"Wild Mixed Fish Box (Frozen)","producer":"Ports Seafood","photoPath":"https://goodeggs4.imgix.net/2f64143b-0824-4d08-aa8d-b410607317a4.jpg?w=380&h=238&fm=jpg&auto=compress&fit=crop","price":"79.99","pricePer":"$15.99 / lb","purchaseUnit":"5 lb"},{"mainCategory":"Meat & Fish","categoryName":"Fish & Shellfish","subCategoryName":"Cod & Whitefish","title":"Wild Atlantic Pollock","producer":"Ports Seafood","photoPath":"https://goodeggs4.imgix.net/d7f7ddff-d79b-4631-9ece-bf0c6cdaf206.jpg?w=380&h=238&fm=jpg&auto=compress&fit=crop","price":"8.99","pricePer":"$17.98 / lb","purchaseUnit":"8 oz"},{"mainCategory":"Meat & Fish","categoryName":"Fish & Shellfish","subCategoryName":"Cod & Whitefish","title":"Wild Pacific Rockfish","producer":"Ports Seafood","photoPath":"https://goodeggs4.imgix.net/fc777a95-1780-4228-81da-7f68cc86ce10.jpg?w=380&h=238&fm=jpg&auto=compress&fit=crop","price":"9.99","pricePer":null,"purchaseUnit":"16 oz"},{"mainCategory":"Meat & Fish","categoryName":"Fish & Shellfish","subCategoryName":"Cod & Whitefish","title":"Wild Pacific Rockfish","producer":"Ports Seafood","photoPath":"https://goodeggs4.imgix.net/fc777a95-1780-4228-81da-7f68cc86ce10.jpg?w=380&h=238&fm=jpg&auto=compress&fit=crop","price":"9.99","pricePer":null,"purchaseUnit":"8 oz"},{"mainCategory":"Meat & Fish","categoryName":"Fish & Shellfish","subCategoryName":"Caviar & Roe","title":"Pre-Made Blini","producer":"Tsar Nicoulai","photoPath":"https://goodeggs4.imgix.net/52efa49d-2ed8-4fb6-b46f-8816fc4060e4.jpg?w=380&h=238&fm=jpg&auto=compress&fit=crop","price":"6.99","pricePer":"$1.47 / oz","purchaseUnit":"4.75 oz"},{"mainCategory":"Meat & Fish","categoryName":"Fish & Shellfish","subCategoryName":"Caviar & Roe","title":"Gold Pearl Salmon Roe","producer":"Tsar Nicoulai","photoPath":"https://goodeggs4.imgix.net/0cccb1ba-f551-480e-9997-5cbcdaad17c8.jpg?w=380&h=238&fm=jpg&auto=compress&fit=crop","price":"14.99","pricePer":"$7.49 / oz","purchaseUnit":"2 oz"},{"mainCategory":"Meat & Fish","categoryName":"Fish & Shellfish","subCategoryName":"Caviar & Roe","title":"Gold Pearl Trout Roe","producer":"Tsar Nicoulai","photoPath":"https://goodeggs4.imgix.net/61f83282-6623-4dd7-8af7-626401d0def0.jpg?w=380&h=238&fm=jpg&auto=compress&fit=crop","price":"17.99","pricePer":"$8.99 / oz","purchaseUnit":"2 oz"},{"mainCategory":"Meat & Fish","categoryName":"Fish & Shellfish","subCategoryName":"Caviar & Roe","title":"Classic Caviar","producer":"Tsar Nicoulai","photoPath":"https://goodeggs4.imgix.net/79052bf9-914b-4b00-86fa-e7f89c65042f.jpg?w=380&h=238&fm=jpg&auto=compress&fit=crop","price":"39.99","pricePer":"$39.99 / oz","purchaseUnit":"1 oz"},{"mainCategory":"Meat & Fish","categoryName":"Fish & Shellfish","subCategoryName":"Caviar & Roe","title":"American Paddlefish Sturgeon Roe","producer":"Tsar Nicoulai","photoPath":"https://goodeggs4.imgix.net/a5c6bf0b-23f1-4852-b429-1f90919e59b9.jpg?w=380&h=238&fm=jpg&auto=compress&fit=crop","price":"26.99","pricePer":"$26.99 / oz","purchaseUnit":"1 oz"},{"mainCategory":"Meat & Fish","categoryName":"Fish & Shellfish","subCategoryName":"Caviar & Roe","title":"Estate Caviar","producer":"Tsar Nicoulai","photoPath":"https://goodeggs4.imgix.net/d83f445c-5365-42da-bac5-d08348845a05.jpg?w=380&h=238&fm=jpg&auto=compress&fit=crop","price":"54.99","pricePer":"$54.99 / oz","purchaseUnit":"1 oz"},{"mainCategory":"Meat & Fish","categoryName":"Fish & Shellfish","subCategoryName":"Caviar & Roe","title":"Truffled Whitefish Roe","producer":"Tsar Nicoulai","photoPath":"https://goodeggs4.imgix.net/52e1e192-d7fd-4356-adb6-9380a45eb8f6.jpg?w=380&h=238&fm=jpg&auto=compress&fit=crop","price":"16.99","pricePer":"$8.49 / oz","purchaseUnit":"2 oz"},{"mainCategory":"Meat & Fish","categoryName":"Fish & Shellfish","subCategoryName":"Caviar & Roe","title":"Beet & Saffron Whitefish Roe","producer":"Tsar Nicoulai","photoPath":"https://goodeggs4.imgix.net/50001bad-4496-4827-a198-583eacb13592.jpg?w=380&h=238&fm=jpg&auto=compress&fit=crop","price":"16.99","pricePer":"$8.49 / oz","purchaseUnit":"2 oz"},{"mainCategory":"Meat & Fish","categoryName":"Fish & Shellfish","subCategoryName":"Caviar & Roe","title":"Golden Reserve Caviar","producer":"Tsar Nicoulai","photoPath":"https://goodeggs4.imgix.net/ef2e5ca8-0bd6-4c18-bad3-f60eb490285c.jpg?w=380&h=238&fm=jpg&auto=compress&fit=crop","price":"149.99","pricePer":"$149.99 / oz","purchaseUnit":"1 oz"},{"mainCategory":"Meat & Fish","categoryName":"Fish & Shellfish","subCategoryName":"Caviar & Roe","title":"Reserve Caviar","producer":"Tsar Nicoulai","photoPath":"https://goodeggs4.imgix.net/2ac54149-5197-49ca-94c2-80820953f755.jpg?w=380&h=238&fm=jpg&auto=compress&fit=crop","price":"79.99","pricePer":"$79.99 / oz","purchaseUnit":"1 oz"},{"mainCategory":"Meat & Fish","categoryName":"Smoked & Canned Fish","subCategoryName":"Smoked Fish","title":"Smoked Wild Alaskan Sockeye Salmon","producer":"Blue Hill Bay","photoPath":"https://goodeggs4.imgix.net/85a6da20-b621-4170-b612-aac529a38e05.jpg?w=380&h=238&fm=jpg&auto=compress&fit=crop","price":"7.99","pricePer":"$2.66 / oz","purchaseUnit":"3 oz"},{"mainCategory":"Meat & Fish","categoryName":"Smoked & Canned Fish","subCategoryName":"Smoked Fish","title":"Smoked Wild King Salmon","producer":"Blue Hill Bay","photoPath":"https://goodeggs4.imgix.net/6fd6753e-c1b4-4dad-8c68-639a464a7056.jpg?w=380&h=238&fm=jpg&auto=compress&fit=crop","price":"9.99","pricePer":"$3.33 / oz","purchaseUnit":"3 oz"},{"mainCategory":"Meat & Fish","categoryName":"Smoked & Canned Fish","subCategoryName":"Smoked Fish","title":"Smoked Wild Coho Salmon","producer":"Blue Hill Bay","photoPath":"https://goodeggs4.imgix.net/f25dd702-d868-4dc0-b77c-594c7c1a1056.jpg?w=380&h=238&fm=jpg&auto=compress&fit=crop","price":"7.99","pricePer":"$2.66 / oz","purchaseUnit":"3 oz"},{"mainCategory":"Meat & Fish","categoryName":"Smoked & Canned Fish","subCategoryName":"Smoked Fish","title":"Wild Alaskan Sockeye Lox (Frozen)","producer":"One Ocean Seafood","photoPath":"https://goodeggs4.imgix.net/fd6387dc-6a53-4128-8b7d-688ea68be214.jpg?w=380&h=238&fm=jpg&auto=compress&fit=crop","price":"20.99","pricePer":"$2.62 / oz","purchaseUnit":"8 oz"},{"mainCategory":"Meat & Fish","categoryName":"Smoked & Canned Fish","subCategoryName":"Smoked Fish","title":"Sugar-Free Wild Sockeye Salmon Lox (Frozen)","producer":"Ports Seafood","photoPath":"https://goodeggs4.imgix.net/47313c5e-f9ed-4a8f-9175-6c5a4e67cf1a.jpg?w=380&h=238&fm=jpg&auto=compress&fit=crop","price":"9.99","pricePer":"$3.33 / oz","purchaseUnit":"3 oz"},{"mainCategory":"Meat & Fish","categoryName":"Smoked & Canned Fish","subCategoryName":"Smoked Fish","title":"Farmed Smoked Sturgeon","producer":"Tsar Nicoulai","photoPath":"https://goodeggs4.imgix.net/f730ac25-e047-4dff-af8b-5814add25b4b.jpg?w=380&h=238&fm=jpg&auto=compress&fit=crop","price":"11.99","pricePer":"$1.99 / oz","purchaseUnit":"6 oz"},{"mainCategory":"Meat & Fish","categoryName":"Smoked & Canned Fish","subCategoryName":"Smoked Fish","title":"Lemon Pepper Smoked Wild Sockeye Salmon","producer":"Patagonia Provisions","photoPath":"https://goodeggs4.imgix.net/7ad82ebf-189e-4f52-b7c1-edebf3428fb3.jpg?w=380&h=238&fm=jpg&auto=compress&fit=crop","price":"13.99","pricePer":"$2.33 / oz","purchaseUnit":"6 oz"},{"mainCategory":"Meat & Fish","categoryName":"Smoked & Canned Fish","subCategoryName":"Smoked Fish","title":"Wild Smoked Alaskan Sockeye Salmon (Frozen)","producer":"The Gypsy Fish Company","photoPath":"https://goodeggs4.imgix.net/2b1330c5-f5f5-460c-9e65-6a527ecea773.jpg?w=380&h=238&fm=jpg&auto=compress&fit=crop","price":"9.99","pricePer":"$39.96 / lb","purchaseUnit":"0.25 lb"},{"mainCategory":"Meat & Fish","categoryName":"Smoked & Canned Fish","subCategoryName":"Smoked Fish","title":"Wild Alaskan Smoked King Salmon (Frozen)","producer":"Sea to Shore Seafood Co.","photoPath":"https://goodeggs4.imgix.net/f848a9a3-3ed4-4443-a6f6-a476a784d0bc.jpg?w=380&h=238&fm=jpg&auto=compress&fit=crop","price":"18.99","pricePer":"$2.37 / oz","purchaseUnit":"0.5 lb"},{"mainCategory":"Meat & Fish","categoryName":"Smoked & Canned Fish","subCategoryName":"Smoked Fish","title":"Smoked Wild Sockeye Salmon","producer":"Patagonia Provisions","photoPath":"https://goodeggs4.imgix.net/5a928be6-6612-4617-8789-1e80c9795d07.jpg?w=380&h=238&fm=jpg&auto=compress&fit=crop","price":"13.99","pricePer":"$2.33 / oz","purchaseUnit":"6 oz"},{"mainCategory":"Meat & Fish","categoryName":"Smoked & Canned Fish","subCategoryName":"Smoked Fish","title":"Smoked Wild Pink Salmon","producer":"Patagonia Provisions","photoPath":"https://goodeggs4.imgix.net/6b74f86b-9b9d-4519-beaf-ec8d82ab46b0.jpg?w=380&h=238&fm=jpg&auto=compress&fit=crop","price":"13.99","pricePer":"$1.74 / oz","purchaseUnit":"8 oz"},{"mainCategory":"Meat & Fish","categoryName":"Smoked & Canned Fish","subCategoryName":"Smoked Fish","title":"Wild Smoked Keta Salmon Filet (Frozen)","producer":"Sea to Shore Seafood Co.","photoPath":"https://goodeggs4.imgix.net/0483e63d-f41e-4409-b803-bcbd39b12060.jpg?w=380&h=238&fm=jpg&auto=compress&fit=crop","price":"16.99","pricePer":"$2.12 / oz","purchaseUnit":"0.5 lb"},{"mainCategory":"Meat & Fish","categoryName":"Smoked & Canned Fish","subCategoryName":"Smoked Fish","title":"Wild Alaskan Smoked Salmon (Frozen)","producer":"Kenai Red Fish Company","photoPath":"https://goodeggs4.imgix.net/a0c7bd89-9132-4eb6-a08f-10a55a43b210.jpg?w=380&h=238&fm=jpg&auto=compress&fit=crop","price":"16.49","pricePer":"$2.35 / oz","purchaseUnit":"7 oz"},{"mainCategory":"Meat & Fish","categoryName":"Smoked & Canned Fish","subCategoryName":"Smoked Fish","title":"Smoked Alaskan Scallops (Frozen)","producer":"Ports Seafood","photoPath":"https://goodeggs4.imgix.net/e3afb678-92fe-4f68-95c9-aba76ade35df.jpg?w=380&h=238&fm=jpg&auto=compress&fit=crop","price":"13.99","pricePer":"$3.49 / oz","purchaseUnit":"4 oz"},{"mainCategory":"Meat & Fish","categoryName":"Smoked & Canned Fish","subCategoryName":"Canned Fish","title":"Bonito del Norte Tuna in Olive Oil","producer":"Ortiz","photoPath":"https://goodeggs4.imgix.net/a6e97bf0-8251-464a-8c6e-4c5e74b1bde6.jpg?w=380&h=238&fm=jpg&auto=compress&fit=crop","price":"6.99","pricePer":"$2.41 / oz","purchaseUnit":"2.89 oz"},{"mainCategory":"Meat & Fish","categoryName":"Smoked & Canned Fish","subCategoryName":"Canned Fish","title":"Bonito del Norte Tuna in Olive Oil","producer":"Ortiz","photoPath":"https://goodeggs4.imgix.net/6f73cf09-f702-4747-b68a-85f299597528.jpg?w=380&h=238&fm=jpg&auto=compress&fit=crop","price":"14.99","pricePer":"$1.70 / oz","purchaseUnit":"8.8 oz"},{"mainCategory":"Meat & Fish","categoryName":"Smoked & Canned Fish","subCategoryName":"Canned Fish","title":"Wild Yellowtail Fillets in Extra Virgin Olive Oil","producer":"Wild Planet","photoPath":"https://goodeggs4.imgix.net/cb25894b-3276-4176-b7a9-8bae9f7096ba.jpg?w=380&h=238&fm=jpg&auto=compress&fit=crop","price":"4.99","pricePer":"$1.13 / oz","purchaseUnit":"4.4 oz"},{"mainCategory":"Meat & Fish","categoryName":"Smoked & Canned Fish","subCategoryName":"Canned Fish","title":"Boneless Skinless Wild Sardine Fillets in Olive Oil","producer":"Wild Planet","photoPath":"https://goodeggs4.imgix.net/11e5be99-352f-4096-a849-843615a10c4c.jpg?w=380&h=238&fm=jpg&auto=compress&fit=crop","price":"3.39","pricePer":"$0.79 / oz","purchaseUnit":"4.25 oz"},{"mainCategory":"Meat & Fish","categoryName":"Smoked & Canned Fish","subCategoryName":"Canned Fish","title":"Wild Pacific Sardines in Extra Virgin Olive Oil","producer":"Wild Planet","photoPath":"https://goodeggs4.imgix.net/ac4eb8c6-9397-49b4-80b0-1734c14fc8ad.jpg?w=380&h=238&fm=jpg&auto=compress&fit=crop","price":"2.99","pricePer":"$0.67 / oz","purchaseUnit":"4.4 oz"},{"mainCategory":"Meat & Fish","categoryName":"Smoked & Canned Fish","subCategoryName":"Canned Fish","title":"Wild Pacific Sardines in Water","producer":"Wild Planet","photoPath":"https://goodeggs4.imgix.net/7d84e484-966d-4786-8864-ef24c5c4c575.jpg?w=380&h=238&fm=jpg&auto=compress&fit=crop","price":"2.99","pricePer":"$0.67 / oz","purchaseUnit":"4.4 oz"},{"mainCategory":"Meat & Fish","categoryName":"Smoked & Canned Fish","subCategoryName":"Canned Fish","title":"Chunk Albacore Tuna in Water","producer":"Sustainable Seas","photoPath":"https://goodeggs4.imgix.net/7499e8e7-772b-4668-858b-6e0deba107db.jpg?w=380&h=238&fm=jpg&auto=compress&fit=crop","price":"3.99","pricePer":"$0.79 / oz","purchaseUnit":"5 oz"},{"mainCategory":"Meat & Fish","categoryName":"Smoked & Canned Fish","subCategoryName":"Canned Fish","title":"No Salt Added Wild Albacore Tuna","producer":"Wild Planet","photoPath":"https://goodeggs4.imgix.net/9f1003c0-04d8-4035-8843-e8fdcf91a00c.jpg?w=380&h=238&fm=jpg&auto=compress&fit=crop","price":"4.99","pricePer":"$0.99 / oz","purchaseUnit":"5 oz"},{"mainCategory":"Meat & Fish","categoryName":"Smoked & Canned Fish","subCategoryName":"Canned Fish","title":"Wild Albacore Tuna with Sea Salt","producer":"Wild Planet","photoPath":"https://goodeggs4.imgix.net/d4ef2bd9-bf94-4a36-a209-514ce334c84b.jpg?w=380&h=238&fm=jpg&auto=compress&fit=crop","price":"4.99","pricePer":"$0.99 / oz","purchaseUnit":"5 oz"},{"mainCategory":"Meat & Fish","categoryName":"Smoked & Canned Fish","subCategoryName":"Canned Fish","title":"No-Salt Added Chunk Albacore Tuna in Water","producer":"Sustainable Seas","photoPath":"https://goodeggs4.imgix.net/b26549c9-29d3-435b-8885-972c33c481ef.jpg?w=380&h=238&fm=jpg&auto=compress&fit=crop","price":"3.99","pricePer":"$0.79 / oz","purchaseUnit":"5 oz"},{"mainCategory":"Meat & Fish","categoryName":"Smoked & Canned Fish","subCategoryName":"Canned Fish","title":"No Salt Added Pole Caught Albacore Tuna Steak","producer":"American Tuna","photoPath":"https://goodeggs4.imgix.net/81675097-3219-42a7-8f9d-1f764fd0386f.jpg?w=380&h=238&fm=jpg&auto=compress&fit=crop","price":"6.99","pricePer":"$1.16 / oz","purchaseUnit":"6 oz"},{"mainCategory":"Meat & Fish","categoryName":"Smoked & Canned Fish","subCategoryName":"Canned Fish","title":"Smoked Pole Caught Albacore Tuna Fillets","producer":"American Tuna","photoPath":"https://goodeggs4.imgix.net/e883d44d-1cd1-4eab-9867-c2c78d88784e.jpg?w=380&h=238&fm=jpg&auto=compress&fit=crop","price":"6.99","pricePer":"$1.16 / oz","purchaseUnit":"6 oz"},{"mainCategory":"Meat & Fish","categoryName":"Smoked & Canned Fish","subCategoryName":"Canned Fish","title":"Pole Caught Albacore Tuna Steak with Sea Salt","producer":"American Tuna","photoPath":"https://goodeggs4.imgix.net/43c9c943-1ccf-4d09-b496-b18f56e67d0c.jpg?w=380&h=238&fm=jpg&auto=compress&fit=crop","price":"6.99","pricePer":"$1.16 / oz","purchaseUnit":"6 oz"},{"mainCategory":"Meat & Fish","categoryName":"Smoked & Canned Fish","subCategoryName":"Canned Fish","title":"Wild Albacore Tuna Pouch","producer":"Wild Planet","photoPath":"https://goodeggs4.imgix.net/5872ce13-7fbf-4c7b-8abe-e71db088365b.jpg?w=380&h=238&fm=jpg&auto=compress&fit=crop","price":"4.99","pricePer":"$1.66 / oz","purchaseUnit":"3 oz"},{"mainCategory":"Meat & Fish","categoryName":"Smoked & Canned Fish","subCategoryName":"Canned Fish","title":"Wild White Anchovies in Extra Virgin Olive Oil","producer":"Wild Planet","photoPath":"https://goodeggs4.imgix.net/c9469f6c-cef0-4b62-9296-639332e2abc2.jpg?w=380&h=238&fm=jpg&auto=compress&fit=crop","price":"2.99","pricePer":"$0.68 / oz","purchaseUnit":"4.375 oz"},{"mainCategory":"Meat & Fish","categoryName":"Smoked & Canned Fish","subCategoryName":"Canned Fish","title":"Anchovy Fillets in Oil","producer":"Ortiz","photoPath":"https://goodeggs4.imgix.net/8163703f-0630-45a3-86d4-7d2c3297b90e.jpg?w=380&h=238&fm=jpg&auto=compress&fit=crop","price":"12.99","pricePer":"$3.87 / oz","purchaseUnit":"3.35 oz"},{"mainCategory":"Meat & Fish","categoryName":"Smoked & Canned Fish","subCategoryName":"Canned Fish","title":"Wild Mackerel Fillets in Extra Virgin Olive Oil","producer":"Wild Planet","photoPath":"https://goodeggs4.imgix.net/852f0fd0-da34-43f0-b45d-3f652d7db465.jpg?w=380&h=238&fm=jpg&auto=compress&fit=crop","price":"3.49","pricePer":"$0.79 / oz","purchaseUnit":"4.4 oz"},{"mainCategory":"Meat & Fish","categoryName":"Smoked & Canned Fish","subCategoryName":"Canned Fish","title":"Wild Alaska Pink Salmon","producer":"Wild Planet","photoPath":"https://goodeggs4.imgix.net/dce18ff3-7274-44f2-be8d-c872b92503fb.jpg?w=380&h=238&fm=jpg&auto=compress&fit=crop","price":"5.49","pricePer":"$0.91 / oz","purchaseUnit":"6 oz"},{"mainCategory":"Meat & Fish","categoryName":"Smoked & Canned Fish","subCategoryName":"Canned Fish","title":"No Salt Added Wild Pink Salmon","producer":"Wild Planet","photoPath":"https://goodeggs4.imgix.net/2c6efb6b-42d0-4fb9-8bed-24321a46b6c6.jpg?w=380&h=238&fm=jpg&auto=compress&fit=crop","price":"5.49","pricePer":"$0.91 / oz","purchaseUnit":"6 oz"},{"mainCategory":"Meat & Fish","categoryName":"Smoked & Canned Fish","subCategoryName":"Canned Fish","title":"Lemon Herb Mussels","producer":"Patagonia Provisions","photoPath":"https://goodeggs4.imgix.net/030c6012-3090-4f61-92b6-02f0ddf185c1.jpg?w=380&h=238&fm=jpg&auto=compress&fit=crop","price":"7.49","pricePer":"$1.78 / oz","purchaseUnit":"4.2 oz"},{"mainCategory":"Meat & Fish","categoryName":"Smoked & Canned Fish","subCategoryName":"Canned Fish","title":"Smoked Mussels","producer":"Patagonia Provisions","photoPath":"https://goodeggs4.imgix.net/b9eb5410-2d06-487e-85fe-1511d227c61d.jpg?w=380&h=238&fm=jpg&auto=compress&fit=crop","price":"7.49","pricePer":"$1.78 / oz","purchaseUnit":"4.2 oz"},{"mainCategory":"Meat & Fish","categoryName":"Smoked & Canned Fish","subCategoryName":"Canned Fish","title":"Savory Sofrito Mussels","producer":"Patagonia Provisions","photoPath":"https://goodeggs4.imgix.net/b3c7b75a-94dc-40f3-a4b6-1db6d4feebe9.jpg?w=380&h=238&fm=jpg&auto=compress&fit=crop","price":"7.49","pricePer":"$1.78 / oz","purchaseUnit":"4.2 oz"},{"mainCategory":"Meat & Fish","categoryName":"Smoked & Canned Fish","subCategoryName":"Canned Fish","title":"Ontario Trout With Dill","producer":"Scout","photoPath":"https://goodeggs4.imgix.net/f96e5b72-44d0-45ea-b79e-a27a9b30cf06.jpg?w=380&h=238&fm=jpg&auto=compress&fit=crop","price":"7.99","pricePer":"$2.57 / oz","purchaseUnit":"3.1 oz"},{"mainCategory":"Meat & Fish","categoryName":"Smoked & Canned Fish","subCategoryName":"Canned Fish","title":"Wild Albacore Tuna With Extra Virgin Olive Oil","producer":"Scout","photoPath":"https://goodeggs4.imgix.net/918f325a-b7ef-44a5-9af6-371bffbcd2c7.jpg?w=380&h=238&fm=jpg&auto=compress&fit=crop","price":"5.99","pricePer":"$1.87 / oz","purchaseUnit":"3.2 oz"},{"mainCategory":"Meat & Fish","categoryName":"Smoked & Canned Fish","subCategoryName":"Canned Fish","title":"Atlantic Canadian Lobster","producer":"Scout","photoPath":"https://goodeggs4.imgix.net/bc26298a-3d72-4ee0-bc39-2b1cbf5b45b1.jpg?w=380&h=238&fm=jpg&auto=compress&fit=crop","price":"10.99","pricePer":"$3.43 / oz","purchaseUnit":"3.2 oz"},{"mainCategory":"Meat & Fish","categoryName":"Smoked & Canned Fish","subCategoryName":"Canned Fish","title":"PEI Mussels in a Smoked Paprika and Fennel Tomato Sauce","producer":"Scout","photoPath":"https://goodeggs4.imgix.net/4c35f567-de04-4765-a131-7f227c40ed35.jpg?w=380&h=238&fm=jpg&auto=compress&fit=crop","price":"7.99","pricePer":"$2.28 / oz","purchaseUnit":"3.5 oz"},{"mainCategory":"Meat & Fish","categoryName":"Smoked & Canned Fish","subCategoryName":"Canned Fish","title":"Wild Albacore Tuna With Garden Herb Pesto","producer":"Scout","photoPath":"https://goodeggs4.imgix.net/0c66e5e1-fa7a-47a2-bfdc-4d4948e6acd6.jpg?w=380&h=238&fm=jpg&auto=compress&fit=crop","price":"5.99","pricePer":"$1.87 / oz","purchaseUnit":"3.2 oz"},{"mainCategory":"Meat & Fish","categoryName":"Smoked & Canned Fish","subCategoryName":"Canned Fish","title":"Skip Jack Tuna Pouch","producer":"Wild Planet","photoPath":"https://goodeggs4.imgix.net/ebc334f6-90c5-4428-b24d-b6f2ab7ccaf7.jpg?w=380&h=238&fm=jpg&auto=compress&fit=crop","price":"3.99","pricePer":"$1.33 / oz","purchaseUnit":"3 oz"},{"mainCategory":"Meat & Fish","categoryName":"Rubs & Marinades","subCategoryName":"","title":"BBQ Sauce","producer":"welovejam","photoPath":"https://goodeggs4.imgix.net/c7fed376-0e2d-4500-b780-30687570a1c0.jpg?w=380&h=238&fm=jpg&auto=compress&fit=crop","price":"6.99","pricePer":"$0.44 / fl oz","purchaseUnit":"16 fl oz"},{"mainCategory":"Meat & Fish","categoryName":"Rubs & Marinades","subCategoryName":"","title":"Spiced Molasses BBQ Sauce","producer":"welovejam","photoPath":"https://goodeggs4.imgix.net/7f672896-d114-4ddf-9f58-4a376e93588c.jpg?w=380&h=238&fm=jpg&auto=compress&fit=crop","price":"6.99","pricePer":"$0.44 / fl oz","purchaseUnit":"16 fl oz"},{"mainCategory":"Meat & Fish","categoryName":"Rubs & Marinades","subCategoryName":"","title":"Black Truffle Butter","producer":"Fabrique Délices","photoPath":"https://goodeggs4.imgix.net/4f043c72-0351-4773-825a-fa9f399221c3.jpg?w=380&h=238&fm=jpg&auto=compress&fit=crop","price":"9.99","pricePer":"$3.33 / oz","purchaseUnit":"3 oz"},{"mainCategory":"Meat & Fish","categoryName":"Rubs & Marinades","subCategoryName":"","title":"Sambal Red Hot Chili Simmer Sauce","producer":"ChiliCali","photoPath":"https://goodeggs4.imgix.net/59d07094-7166-4a4a-b176-df3f52d4941b.jpg?w=380&h=238&fm=jpg&auto=compress&fit=crop","price":"9.99","pricePer":"$1.05 / oz","purchaseUnit":"9.5 oz"},{"mainCategory":"Meat & Fish","categoryName":"Rubs & Marinades","subCategoryName":"","title":"Shio Koji","producer":"Aedan Fermented Foods","photoPath":"https://goodeggs4.imgix.net/4806b0c4-e5ba-4770-bb3e-a77421ac8cb2.jpg?w=380&h=238&fm=jpg&auto=compress&fit=crop","price":"11.99","pricePer":"$1.49 / oz","purchaseUnit":"8 oz"},{"mainCategory":"Meat & Fish","categoryName":"Rubs & Marinades","subCategoryName":"","title":"Omnivore Salt","producer":"Omnivore","photoPath":"https://goodeggs4.imgix.net/5e457aa7-dda7-43f3-a53f-31f5c31a5a38.jpg?w=380&h=238&fm=jpg&auto=compress&fit=crop","price":"9.99","pricePer":"$1.66 / oz","purchaseUnit":"6 oz"},{"mainCategory":"Meat & Fish","categoryName":"Rubs & Marinades","subCategoryName":"","title":"Omnivore Limone Salt Blend","producer":"Omnivore","photoPath":"https://goodeggs4.imgix.net/6f71c659-7c8c-4e9d-9f1a-910b157d3e6e.jpg?w=380&h=238&fm=jpg&auto=compress&fit=crop","price":"10.99","pricePer":"$1.83 / oz","purchaseUnit":"6 oz"},{"mainCategory":"Meat & Fish","categoryName":"Rubs & Marinades","subCategoryName":"","title":"Poultry Seasoning","producer":"Oaktown Spice Shop","photoPath":"https://goodeggs4.imgix.net/46549b2e-db6d-480e-9a8d-652a9a7c0e94.jpg?w=380&h=238&fm=jpg&auto=compress&fit=crop","price":"8.99","pricePer":"$8.17 / oz","purchaseUnit":"1.1 oz"},{"mainCategory":"Meat & Fish","categoryName":"Rubs & Marinades","subCategoryName":"","title":"Montreal Steak and Chop Spice Blend","producer":"Oaktown Spice Shop","photoPath":"https://goodeggs4.imgix.net/08c2a0a7-7415-4851-b4d2-189f30763b8d.jpg?w=380&h=238&fm=jpg&auto=compress&fit=crop","price":"6.69","pricePer":"$3.34 / oz","purchaseUnit":"2 oz"},{"mainCategory":"Meat & Fish","categoryName":"Rubs & Marinades","subCategoryName":"","title":"South Indian Style Curry Paste","producer":"Akka's Handcrafted Foods","photoPath":"https://goodeggs4.imgix.net/1cb4207e-5de7-4296-a254-9b45ff9fa26d.jpg?w=380&h=238&fm=jpg&auto=compress&fit=crop","price":"10.99","pricePer":"$1.64 / oz","purchaseUnit":"6.7 oz"},{"mainCategory":"Meat & Fish","categoryName":"Rubs & Marinades","subCategoryName":"","title":"Classic Marinade","producer":"The New Primal","photoPath":"https://goodeggs4.imgix.net/f83a7cbb-ce34-41c7-b381-7e3785bf975e.jpg?w=380&h=238&fm=jpg&auto=compress&fit=crop","price":"8.99","pricePer":"$0.74 / oz","purchaseUnit":"12 oz"},{"mainCategory":"Meat & Fish","categoryName":"Rubs & Marinades","subCategoryName":"","title":"Citrus Herb Marinade","producer":"The New Primal","photoPath":"https://goodeggs4.imgix.net/5f6a4afc-36ca-4a29-8a55-53b06f43412e.jpg?w=380&h=238&fm=jpg&auto=compress&fit=crop","price":"8.99","pricePer":"$0.74 / oz","purchaseUnit":"12 oz"},{"mainCategory":"Meat & Fish","categoryName":"Rubs & Marinades","subCategoryName":"","title":"Spicy Marinade","producer":"The New Primal","photoPath":"https://goodeggs4.imgix.net/3a85b8be-aca7-443a-80c2-3c21c457282d.jpg?w=380&h=238&fm=jpg&auto=compress&fit=crop","price":"8.99","pricePer":"$0.74 / oz","purchaseUnit":"12 oz"},{"mainCategory":"Meat & Fish","categoryName":"Rubs & Marinades","subCategoryName":"","title":"South Indian Style Spice Rub","producer":"Akka's Handcrafted Foods","photoPath":"https://goodeggs4.imgix.net/be8a01d7-6660-4399-986e-486066cc911e.jpg?w=380&h=238&fm=jpg&auto=compress&fit=crop","price":"10.99","pricePer":"$3.43 / oz","purchaseUnit":"3.2 oz"},{"mainCategory":"Meat & Fish","categoryName":"Bones & Offal","subCategoryName":"Bones","title":"Grass-Fed Beef Bones (Frozen)","producer":"Stemple Creek Ranch","photoPath":"https://goodeggs4.imgix.net/5a6a4838-9b07-4e99-bdfe-08d468913b29.jpg?w=380&h=238&fm=jpg&auto=compress&fit=crop","price":"9.99","pricePer":"$3.07 / lb","purchaseUnit":"3.25 lb"},{"mainCategory":"Meat & Fish","categoryName":"Bones & Offal","subCategoryName":"Bones","title":"Grass-Fed Beef Bones (Frozen)","producer":"Stemple Creek Ranch","photoPath":"https://goodeggs4.imgix.net/7fee0ee5-7243-4d00-8060-06762f2f435f.jpg?w=380&h=238&fm=jpg&auto=compress&fit=crop","price":"6.99","pricePer":"$3.10 / lb","purchaseUnit":"2.25 lb"},{"mainCategory":"Meat & Fish","categoryName":"Bones & Offal","subCategoryName":"Bones","title":"Grass-Fed Beef Bones (Frozen)","producer":"Stemple Creek Ranch","photoPath":"https://goodeggs4.imgix.net/7fee0ee5-7243-4d00-8060-06762f2f435f.jpg?w=380&h=238&fm=jpg&auto=compress&fit=crop","price":"7.99","pricePer":"$3.19 / lb","purchaseUnit":"2.5 lb"},{"mainCategory":"Meat & Fish","categoryName":"Bones & Offal","subCategoryName":"Bones","title":"Beef Marrow Bones (Frozen)","producer":"Cream Co. Meats","photoPath":"https://goodeggs4.imgix.net/622672f1-1744-4d47-9dd3-88436a7a7124.jpg?w=380&h=238&fm=jpg&auto=compress&fit=crop","price":"11.99","pricePer":"$5.99 / lb","purchaseUnit":"2 lb"},{"mainCategory":"Meat & Fish","categoryName":"Bones & Offal","subCategoryName":"Bones","title":"Beef Marrow Bones (Frozen)","producer":"Creekstone Farms","photoPath":"https://goodeggs4.imgix.net/622672f1-1744-4d47-9dd3-88436a7a7124.jpg?w=380&h=238&fm=jpg&auto=compress&fit=crop","price":"13.99","pricePer":"$6.21 / lb","purchaseUnit":"2.25 lb"},{"mainCategory":"Meat & Fish","categoryName":"Bones & Offal","subCategoryName":"Bones","title":"Grass-Fed Bison Soup Bones (Frozen)","producer":"The Honest Bison","photoPath":"https://goodeggs4.imgix.net/9c7ec5ae-ab81-40fd-b54b-32d8baad4045.jpg?w=380&h=238&fm=jpg&auto=compress&fit=crop","price":"5.99","pricePer":"$5.99 / lb","purchaseUnit":"1 lb"},{"mainCategory":"Meat & Fish","categoryName":"Bones & Offal","subCategoryName":"Bones","title":"Grass-Fed Lamb Shank Bone (Frozen)","producer":"Sonoma County Meat Co.","photoPath":"https://goodeggs4.imgix.net/585d1599-8f7d-4b1d-8f48-51c6c6c44637.jpg?w=380&h=238&fm=jpg&auto=compress&fit=crop","price":"2.99","pricePer":null,"purchaseUnit":"1 count"},{"mainCategory":"Meat & Fish","categoryName":"Bones & Offal","subCategoryName":"Bones","title":"Pastured Smoked Ham Hocks (Frozen)","producer":"Rancho Llano Seco","photoPath":"https://goodeggs4.imgix.net/8f815b24-cd0a-4442-9ae6-11857bf304af.jpg?w=380&h=238&fm=jpg&auto=compress&fit=crop","price":"15.69","pricePer":"$6.97 / lb","purchaseUnit":"2.25 lb"},{"mainCategory":"Meat & Fish","categoryName":"Bones & Offal","subCategoryName":"Bones","title":"Pastured Smoked Ham Hocks (Frozen)","producer":"Rancho Llano Seco","photoPath":"https://goodeggs4.imgix.net/8f815b24-cd0a-4442-9ae6-11857bf304af.jpg?w=380&h=238&fm=jpg&auto=compress&fit=crop","price":"17.49","pricePer":"$6.99 / lb","purchaseUnit":"2.5 lb"},{"mainCategory":"Meat & Fish","categoryName":"Bones & Offal","subCategoryName":"Bones","title":"Grass-Fed Bison Marrow Bones (Frozen)","producer":"The Honest Bison","photoPath":"https://goodeggs4.imgix.net/462a321d-e2cc-45b6-8529-2a1f156e6490.jpg?w=380&h=238&fm=jpg&auto=compress&fit=crop","price":"11.99","pricePer":"$11.99 / lb","purchaseUnit":"1 lb"},{"mainCategory":"Meat & Fish","categoryName":"Bones & Offal","subCategoryName":"Bones","title":"Pork Trotters (Frozen)","producer":"Sonoma County Meat Co.","photoPath":"https://goodeggs4.imgix.net/7edbf349-7bbb-4abc-a4b2-828afdb4bedc.jpg?w=380&h=238&fm=jpg&auto=compress&fit=crop","price":"2.99","pricePer":"$2.99 / lb","purchaseUnit":"1 lb"},{"mainCategory":"Meat & Fish","categoryName":"Bones & Offal","subCategoryName":"Offal","title":"Beef Tongue","producer":"Cream Co. Meats","photoPath":"https://goodeggs4.imgix.net/47ca3606-6ca6-49ec-a3c8-1cb6ce6b2750.jpg?w=380&h=238&fm=jpg&auto=compress&fit=crop","price":"9.99","pricePer":"$7.99 / lb","purchaseUnit":"1.25 lb"},{"mainCategory":"Meat & Fish","categoryName":"Bones & Offal","subCategoryName":"Offal","title":"Iberico Pork Fat (Frozen)","producer":"Encina Farm","photoPath":"https://goodeggs4.imgix.net/78897834-1faf-4975-9686-453b2339971a.jpg?w=380&h=238&fm=jpg&auto=compress&fit=crop","price":"7.99","pricePer":"$3.99 / lb","purchaseUnit":"2 lb"},{"mainCategory":"Meat & Fish","categoryName":"Bones & Offal","subCategoryName":"Offal","title":"Beef Cheeks (Frozen)","producer":"Cream Co. Meats","photoPath":"https://goodeggs4.imgix.net/04fe09dc-bdf4-43ed-8475-98816c9a77a9.jpg?w=380&h=238&fm=jpg&auto=compress&fit=crop","price":"9.99","pricePer":"$7.99 / lb","purchaseUnit":"1.25 lb"},{"mainCategory":"Meat & Fish","categoryName":"Bones & Offal","subCategoryName":"Offal","title":"Iberico Pork Skin (Frozen)","producer":"Encina Farm","photoPath":"https://goodeggs4.imgix.net/d37113ac-a338-4f45-a028-d1be6dc930c4.jpg?w=380&h=238&fm=jpg&auto=compress&fit=crop","price":"7.99","pricePer":"$3.99 / lb","purchaseUnit":"2 lb"},{"mainCategory":"Meat & Fish","categoryName":"Bones & Offal","subCategoryName":"Offal","title":"Grass-Fed Beef Heart (Frozen)","producer":"Stemple Creek Ranch","photoPath":"https://goodeggs4.imgix.net/6df7f881-549b-4aff-b9ff-8f10cd67dd79.jpg?w=380&h=238&fm=jpg&auto=compress&fit=crop","price":"32.99","pricePer":"$9.42 / lb","purchaseUnit":"3.5 lb"},{"mainCategory":"Pantry","categoryName":"New to the Market","subCategoryName":"","title":"White Cheddar Cheese Balls","producer":"Pipcorn","photoPath":"https://goodeggs4.imgix.net/0fbf9860-7d37-11eb-9783-f3d67f42bb6b?w=380&h=238&fm=jpg&auto=compress&fit=crop","price":"3.99","pricePer":"$0.88 / oz","purchaseUnit":"4.5 oz"},{"mainCategory":"Pantry","categoryName":"New to the Market","subCategoryName":"","title":"Par-Baked Cheese & Nigella Fatayer (Turnovers)","producer":"Reem's California","photoPath":"https://goodeggs4.imgix.net/72ea86e2-3c54-4260-aa78-54adaf8675f0.jpg?w=380&h=238&fm=jpg&auto=compress&fit=crop","price":"9.99","pricePer":"$1.24 / oz","purchaseUnit":"2 count"},{"mainCategory":"Pantry","categoryName":"New to the Market","subCategoryName":"","title":"Hojicha Roasted Green M!lk Tea","producer":"Twrl M!lk Tea","photoPath":"https://goodeggs4.imgix.net/85648b43-0069-4fce-88d3-8325472732ff.jpg?w=380&h=238&fm=jpg&auto=compress&fit=crop","price":"3.99","pricePer":"$0.53 / oz","purchaseUnit":"7.5 oz"},{"mainCategory":"Pantry","categoryName":"New to the Market","subCategoryName":"","title":"Original Black M!lk Tea","producer":"Twrl M!lk Tea","photoPath":"https://goodeggs4.imgix.net/374e272f-f36a-4bbc-be31-926022465981.jpg?w=380&h=238&fm=jpg&auto=compress&fit=crop","price":"3.99","pricePer":"$0.53 / oz","purchaseUnit":"7.5 oz"},{"mainCategory":"Pantry","categoryName":"New to the Market","subCategoryName":"","title":"Vegan Carrot Lox","producer":"Goldie Lox","photoPath":"https://goodeggs4.imgix.net/e0847de8-f3d2-4bb5-9c04-49e16667bcd3.jpeg?w=380&h=238&fm=jpg&auto=compress&fit=crop","price":"11.99","pricePer":"$1.99 / oz","purchaseUnit":"6 oz"},{"mainCategory":"Pantry","categoryName":"New to the Market","subCategoryName":"","title":"Energy & Immunity Grapefruit Sparkling Water","producer":"heywell","photoPath":"https://goodeggs4.imgix.net/05f53f8d-f1f5-4818-96dc-19ee6366b1f9.jpg?w=380&h=238&fm=jpg&auto=compress&fit=crop","price":"3.99","pricePer":"$0.33 / fl oz","purchaseUnit":"12 fl oz"},{"mainCategory":"Pantry","categoryName":"New to the Market","subCategoryName":"","title":"Organic Sparkling Vouvray \"La Rocherie\"","producer":"Sébastien Brunet","photoPath":"https://goodeggs4.imgix.net/af6a4b90-8e57-11eb-a49c-035b9bcc7078?w=380&h=238&fm=jpg&auto=compress&fit=crop","price":"19.99","pricePer":null,"purchaseUnit":"750 ml"},{"mainCategory":"Pantry","categoryName":"New to the Market","subCategoryName":"","title":"Organic De-Stress Tea Bags","producer":"Numi Organic Tea","photoPath":"https://goodeggs4.imgix.net/47d7b8ca-c7f6-4ef0-abbe-77f3b747fd85.jpg?w=380&h=238&fm=jpg&auto=compress&fit=crop","price":"6.99","pricePer":"$6.18 / oz","purchaseUnit":"16 count"},{"mainCategory":"Pantry","categoryName":"New to the Market","subCategoryName":"","title":"Organic Jasmine Green Bags","producer":"Numi Organic Tea","photoPath":"https://goodeggs4.imgix.net/63e7922b-1db9-4231-8f2c-dc4c9a2d8c3b.jpg?w=380&h=238&fm=jpg&auto=compress&fit=crop","price":"6.99","pricePer":"$5.50 / oz","purchaseUnit":"18 count"},{"mainCategory":"Pantry","categoryName":"New to the Market","subCategoryName":"","title":"Plant-Based Spicy Jalapeno Queso","producer":"LOCA","photoPath":"https://goodeggs4.imgix.net/852e4d2e-ee4a-4fd7-b3d8-ec0a9f263d1c.jpg?w=380&h=238&fm=jpg&auto=compress&fit=crop","price":"8.99","pricePer":"$0.74 / oz","purchaseUnit":"12 oz"},{"mainCategory":"Pantry","categoryName":"New to the Market","subCategoryName":"","title":"Ruby Grapefruit Hand Sanitizer Spray","producer":"EO/Everyone","photoPath":"https://goodeggs4.imgix.net/10c3ad22-b0da-4e04-a816-1c147b4a7ffa.jpeg?w=380&h=238&fm=jpg&auto=compress&fit=crop","price":"6.99","pricePer":"$0.87 / oz","purchaseUnit":"8 oz"},{"mainCategory":"Pantry","categoryName":"New to the Market","subCategoryName":"","title":"Organic Wellness Shot for your Skin","producer":"Dose","photoPath":"https://goodeggs4.imgix.net/5064aa3e-3c86-4980-9187-e6258d5bbf8c.jpg?w=380&h=238&fm=jpg&auto=compress&fit=crop","price":"3.99","pricePer":"$1.99 / oz","purchaseUnit":"2 oz"},{"mainCategory":"Pantry","categoryName":"New to the Market","subCategoryName":"","title":"Instant Pot Vegan Chana Masala Meal Kit","producer":"Seeti","photoPath":"https://goodeggs4.imgix.net/fd683265-5a39-4de8-93f3-f60fab6bf46d.jpg?w=380&h=238&fm=jpg&auto=compress&fit=crop","price":"19.99","pricePer":"$1.05 / oz","purchaseUnit":"19 oz"},{"mainCategory":"Pantry","categoryName":"New to the Market","subCategoryName":"","title":"Instant Pot Palak Paneer Meal Kit","producer":"Seeti","photoPath":"https://goodeggs4.imgix.net/0e8e6393-2fcc-47b6-9efe-ffdffb5d4959.jpg?w=380&h=238&fm=jpg&auto=compress&fit=crop","price":"23.99","pricePer":"$1.26 / oz","purchaseUnit":"19 oz"},{"mainCategory":"Pantry","categoryName":"New to the Market","subCategoryName":"","title":"Instant Pot Chicken Biryani Meal Kit","producer":"Seeti","photoPath":"https://goodeggs4.imgix.net/4af35f81-3526-40c4-89ba-6bfd3a8f2288.jpg?w=380&h=238&fm=jpg&auto=compress&fit=crop","price":"24.99","pricePer":"$1.13 / oz","purchaseUnit":"23 oz"},{"mainCategory":"Pantry","categoryName":"New to the Market","subCategoryName":"","title":"Berry Calm Superfood Powder","producer":"Sunwink Herbal Tonics","photoPath":"https://goodeggs4.imgix.net/ece48054-3285-4535-acd3-1093e81ac859.jpg?w=380&h=238&fm=jpg&auto=compress&fit=crop","price":"29.99","pricePer":"$7.14 / oz","purchaseUnit":"4.2 oz"},{"mainCategory":"Pantry","categoryName":"New to the Market","subCategoryName":"","title":"1000 Roses Soothing Shower Gel","producer":"Andalou Naturals","photoPath":"https://goodeggs4.imgix.net/d8f154e8-5013-43b0-a833-d32fd2d1b944.jpg?w=380&h=238&fm=jpg&auto=compress&fit=crop","price":"9.99","pricePer":"$1.17 / oz","purchaseUnit":"8.5 oz"},{"mainCategory":"Pantry","categoryName":"New to the Market","subCategoryName":"","title":"Orange Squeeze Kids 3 in 1 Soap","producer":"EO/Everyone","photoPath":"https://goodeggs4.imgix.net/bab79769-7771-4023-a91c-933ec1a7ff02.jpeg?w=380&h=238&fm=jpg&auto=compress&fit=crop","price":"10.99","pricePer":"$0.34 / oz","purchaseUnit":"32 oz"},{"mainCategory":"Pantry","categoryName":"New to the Market","subCategoryName":"","title":"Unscented 3 in 1 Soap","producer":"EO/Everyone","photoPath":"https://goodeggs4.imgix.net/f4d5c60c-5d07-4166-8100-98dfac0cdfe5.jpeg?w=380&h=238&fm=jpg&auto=compress&fit=crop","price":"10.99","pricePer":"$0.34 / oz","purchaseUnit":"32 oz"},{"mainCategory":"Pantry","categoryName":"New to the Market","subCategoryName":"","title":"Moisture Rich Argan Oil & Shea Conditioner","producer":"Andalou Naturals","photoPath":"https://goodeggs4.imgix.net/ec560bf5-a585-4dec-be0c-a794a174148e.jpeg?w=380&h=238&fm=jpg&auto=compress&fit=crop","price":"18.99","pricePer":"$0.59 / oz","purchaseUnit":"32 oz"},{"mainCategory":"Pantry","categoryName":"New to the Market","subCategoryName":"","title":"Moisture Rich Argan Oil & Shea Shampoo","producer":"Andalou Naturals","photoPath":"https://goodeggs4.imgix.net/2722ba36-9b17-48ba-a01d-307d53c0a110.jpeg?w=380&h=238&fm=jpg&auto=compress&fit=crop","price":"18.99","pricePer":"$0.59 / oz","purchaseUnit":"32 oz"},{"mainCategory":"Pantry","categoryName":"New to the Market","subCategoryName":"","title":"Organic Muscadet \"Anima Mea\"","producer":"Véronique Gunther-Chereau","photoPath":"https://goodeggs4.imgix.net/38f63fc0-8e8c-11eb-8994-e1a9d560c915?w=380&h=238&fm=jpg&auto=compress&fit=crop","price":"17.99","pricePer":null,"purchaseUnit":"750 ml"},{"mainCategory":"Pantry","categoryName":"New to the Market","subCategoryName":"","title":"Unscented Lotion","producer":"EO/Everyone","photoPath":"https://goodeggs4.imgix.net/1a305732-4e2a-4d0a-9009-701ed8d119c5.jpeg?w=380&h=238&fm=jpg&auto=compress&fit=crop","price":"11.99","pricePer":"$0.37 / oz","purchaseUnit":"32 oz"},{"mainCategory":"Pantry","categoryName":"New to the Market","subCategoryName":"","title":"Lavender Thyme Botanical Deodorant","producer":"Andalou Naturals","photoPath":"https://goodeggs4.imgix.net/a2cf78b2-1e7c-4f22-a071-3972984c1782.jpeg?w=380&h=238&fm=jpg&auto=compress&fit=crop","price":"9.99","pricePer":"$3.76 / oz","purchaseUnit":"2.65 oz"},{"mainCategory":"Pantry","categoryName":"Healthy Food Inc. Kitchen","subCategoryName":"Pickles & Olives","title":"Pitted Castelvetrano Olives","producer":"Healthy Food Inc. Kitchen","photoPath":"https://goodeggs4.imgix.net/4946b6a3-e1c8-4dfa-81bd-39218be2a12f.jpg?w=380&h=238&fm=jpg&auto=compress&fit=crop","price":"6.49","pricePer":"$0.81 / oz","purchaseUnit":"8 oz"},{"mainCategory":"Pantry","categoryName":"Healthy Food Inc. Kitchen","subCategoryName":"Pickles & Olives","title":"Pitted Kalamata Olives","producer":"Healthy Food Inc. Kitchen","photoPath":"https://goodeggs4.imgix.net/41ddd88f-a01b-40ef-9b9c-7a68212591f1.jpg?w=380&h=238&fm=jpg&auto=compress&fit=crop","price":"6.49","pricePer":"$0.81 / oz","purchaseUnit":"8 oz"},{"mainCategory":"Pantry","categoryName":"Healthy Food Inc. Kitchen","subCategoryName":"Pickles & Olives","title":"Pitted Castelvetrano Olives","producer":"Healthy Food Inc. Kitchen","photoPath":"https://goodeggs4.imgix.net/494a574a-c540-46f1-9949-dd169c1846e0.jpg?w=380&h=238&fm=jpg&auto=compress&fit=crop","price":"3.49","pricePer":"$1.74 / oz","purchaseUnit":"2 oz"},{"mainCategory":"Pantry","categoryName":"Healthy Food Inc. Kitchen","subCategoryName":"Pickles & Olives","title":"Pickled Red Onions","producer":"Healthy Food Inc. Kitchen","photoPath":"https://goodeggs4.imgix.net/5fd490f2-d8d2-41b1-9151-57806759d527.jpg?w=380&h=238&fm=jpg&auto=compress&fit=crop","price":"3.99","pricePer":"$0.99 / oz","purchaseUnit":"4 oz"},{"mainCategory":"Pantry","categoryName":"Healthy Food Inc. Kitchen","subCategoryName":"Pickles & Olives","title":"Castelvetrano Olives","producer":"Healthy Food Inc. Kitchen","photoPath":"https://goodeggs4.imgix.net/320d6970-6bc2-45e8-babf-62747b8c2825.jpg?w=380&h=238&fm=jpg&auto=compress&fit=crop","price":"5.99","pricePer":"$0.74 / oz","purchaseUnit":"8 oz"},{"mainCategory":"Pantry","categoryName":"Healthy Food Inc. Kitchen","subCategoryName":"Pickles & Olives","title":"Bread & Butter Pickles","producer":"Healthy Food Inc. Kitchen","photoPath":"https://goodeggs4.imgix.net/dc5d3512-a376-417f-bf37-0c4b5e0ac2bb.jpg?w=380&h=238&fm=jpg&auto=compress&fit=crop","price":"3.99","pricePer":"$1.33 / oz","purchaseUnit":"3 oz"},{"mainCategory":"Pantry","categoryName":"Healthy Food Inc. Kitchen","subCategoryName":"Pickles & Olives","title":"Pitted Kalamata Olives","producer":"Healthy Food Inc. Kitchen","photoPath":"https://goodeggs4.imgix.net/41ddd88f-a01b-40ef-9b9c-7a68212591f1.jpg?w=380&h=238&fm=jpg&auto=compress&fit=crop","price":"3.99","pricePer":"$1.99 / oz","purchaseUnit":"2 oz"},{"mainCategory":"Pantry","categoryName":"Healthy Food Inc. Kitchen","subCategoryName":"Soups & Broth","title":"Chicken Noodle Soup","producer":"Healthy Food Inc. Kitchen","photoPath":"https://goodeggs4.imgix.net/146075f9-18c9-4c7b-9831-099d06704921.jpg?w=380&h=238&fm=jpg&auto=compress&fit=crop","price":"12.99","pricePer":"$0.43 / oz","purchaseUnit":"30 oz"},{"mainCategory":"Pantry","categoryName":"Healthy Food Inc. Kitchen","subCategoryName":"Soups & Broth","title":"Carrot Ginger Turmeric Soup","producer":"Healthy Food Inc. Kitchen","photoPath":"https://goodeggs4.imgix.net/c3e132ff-b005-4e34-9572-e6d5356d49f8.jpg?w=380&h=238&fm=jpg&auto=compress&fit=crop","price":"9.99","pricePer":"$0.33 / oz","purchaseUnit":"30 oz"},{"mainCategory":"Pantry","categoryName":"Healthy Food Inc. Kitchen","subCategoryName":"Soups & Broth","title":"Chicken Broth (Frozen)","producer":"Healthy Food Inc. Kitchen","photoPath":"https://goodeggs4.imgix.net/c3336256-723c-4723-8d2e-e82d6e3a5bd9.jpg?w=380&h=238&fm=jpg&auto=compress&fit=crop","price":"5.99","pricePer":"$0.21 / fl oz","purchaseUnit":"28 fl oz"},{"mainCategory":"Pantry","categoryName":"Healthy Food Inc. Kitchen","subCategoryName":"Soups & Broth","title":"Ramen Broth (Frozen)","producer":"Healthy Food Inc. Kitchen","photoPath":"https://goodeggs4.imgix.net/03b838c1-ddc0-48f0-8557-7473434a7fb4.jpg?w=380&h=238&fm=jpg&auto=compress&fit=crop","price":"6.99","pricePer":"$0.25 / fl oz","purchaseUnit":"28 fl oz"},{"mainCategory":"Pantry","categoryName":"Healthy Food Inc. Kitchen","subCategoryName":"Soups & Broth","title":"Vegetable Broth (Frozen)","producer":"Healthy Food Inc. Kitchen","photoPath":"https://goodeggs4.imgix.net/b41453eb-110d-4243-8c8e-b9c16d4ab45c.jpg?w=380&h=238&fm=jpg&auto=compress&fit=crop","price":"4.99","pricePer":"$0.18 / fl oz","purchaseUnit":"28 fl oz"},{"mainCategory":"Pantry","categoryName":"Healthy Food Inc. Kitchen","subCategoryName":"Soups & Broth","title":"Mushroom Broth (Frozen)","producer":"Healthy Food Inc. Kitchen","photoPath":"https://goodeggs4.imgix.net/953fc561-323d-47e4-a645-cd2c5a6fdbef.jpg?w=380&h=238&fm=jpg&auto=compress&fit=crop","price":"5.99","pricePer":"$0.21 / fl oz","purchaseUnit":"28 fl oz"},{"mainCategory":"Pantry","categoryName":"Healthy Food Inc. Kitchen","subCategoryName":"Soups & Broth","title":"Beef Bone Broth (Frozen)","producer":"Healthy Food Inc. Kitchen","photoPath":"https://goodeggs4.imgix.net/29d71933-51c1-4ba2-9398-fe7343baaf43.jpg?w=380&h=238&fm=jpg&auto=compress&fit=crop","price":"6.99","pricePer":"$0.25 / fl oz","purchaseUnit":"28 fl oz"},{"mainCategory":"Pantry","categoryName":"Healthy Food Inc. Kitchen","subCategoryName":"Salad Dressing & Toppings","title":"Meyer Lemon Vinaigrette","producer":"Healthy Food Inc. Kitchen","photoPath":"https://goodeggs4.imgix.net/cc9822a2-ec8d-4639-9194-968629ec3e22.jpg?w=380&h=238&fm=jpg&auto=compress&fit=crop","price":"7.99","pricePer":"$0.69 / oz","purchaseUnit":"11.5 oz"},{"mainCategory":"Pantry","categoryName":"Healthy Food Inc. Kitchen","subCategoryName":"Salad Dressing & Toppings","title":"Tahini Dressing","producer":"Healthy Food Inc. Kitchen","photoPath":"https://goodeggs4.imgix.net/5f18e53d-d914-4e70-a19b-208d63347857.jpg?w=380&h=238&fm=jpg&auto=compress&fit=crop","price":"4.99","pricePer":"$0.99 / oz","purchaseUnit":"5 oz"},{"mainCategory":"Pantry","categoryName":"Healthy Food Inc. Kitchen","subCategoryName":"Salad Dressing & Toppings","title":"Yogurt Ranch","producer":"Healthy Food Inc. Kitchen","photoPath":"https://goodeggs4.imgix.net/2977ef8d-8189-4433-a357-a427bf35bc39.jpg?w=380&h=238&fm=jpg&auto=compress&fit=crop","price":"4.99","pricePer":"$0.99 / oz","purchaseUnit":"5 oz"},{"mainCategory":"Pantry","categoryName":"Healthy Food Inc. Kitchen","subCategoryName":"Salad Dressing & Toppings","title":"Green Goddess Dressing","producer":"Healthy Food Inc. Kitchen","photoPath":"https://goodeggs4.imgix.net/087a85f6-bfb6-4e44-b7e6-6f860d7d19d3.jpg?w=380&h=238&fm=jpg&auto=compress&fit=crop","price":"5.99","pricePer":"$1.19 / oz","purchaseUnit":"5 oz"},{"mainCategory":"Pantry","categoryName":"Healthy Food Inc. Kitchen","subCategoryName":"Salad Dressing & Toppings","title":"Green Goddess Dressing","producer":"Healthy Food Inc. Kitchen","photoPath":"https://goodeggs4.imgix.net/dde72c38-fcba-4efd-9cbe-b6740f5d9069.jpg?w=380&h=238&fm=jpg&auto=compress&fit=crop","price":"7.99","pricePer":"$0.69 / oz","purchaseUnit":"11.5 oz"},{"mainCategory":"Pantry","categoryName":"Healthy Food Inc. Kitchen","subCategoryName":"Salad Dressing & Toppings","title":"Roasted Scallion Vinaigrette","producer":"Healthy Food Inc. Kitchen","photoPath":"https://goodeggs4.imgix.net/cace51db-b04c-4c93-9b8c-741aa419dbfe.jpg?w=380&h=238&fm=jpg&auto=compress&fit=crop","price":"4.49","pricePer":"$0.74 / oz","purchaseUnit":"6 oz"},{"mainCategory":"Pantry","categoryName":"Healthy Food Inc. Kitchen","subCategoryName":"Salad Dressing & Toppings","title":"Cilantro Lime Dressing","producer":"Healthy Food Inc. Kitchen","photoPath":"https://goodeggs4.imgix.net/4ab6c63b-ad38-423e-9f93-0e90f6eb0aca.jpg?w=380&h=238&fm=jpg&auto=compress&fit=crop","price":"7.99","pricePer":"$0.69 / oz","purchaseUnit":"11.5 oz"},{"mainCategory":"Pantry","categoryName":"Healthy Food Inc. Kitchen","subCategoryName":"Salad Dressing & Toppings","title":"Meyer Lemon Vinaigrette","producer":"Healthy Food Inc. Kitchen","photoPath":"https://goodeggs4.imgix.net/6e68c5b0-880b-11eb-8994-e1a9d560c915?w=380&h=238&fm=jpg&auto=compress&fit=crop","price":"4.49","pricePer":"$0.74 / oz","purchaseUnit":"6 oz"},{"mainCategory":"Pantry","categoryName":"Healthy Food Inc. Kitchen","subCategoryName":"Salad Dressing & Toppings","title":"Soy-Ginger Dressing","producer":"Healthy Food Inc. Kitchen","photoPath":"https://goodeggs4.imgix.net/7b4086a0-8811-11eb-a49c-035b9bcc7078?w=380&h=238&fm=jpg&auto=compress&fit=crop","price":"4.49","pricePer":"$0.74 / oz","purchaseUnit":"6 oz"},{"mainCategory":"Pantry","categoryName":"Healthy Food Inc. Kitchen","subCategoryName":"Salad Dressing & Toppings","title":"Red Wine Vinaigrette","producer":"Healthy Food Inc. Kitchen","photoPath":"https://goodeggs4.imgix.net/33cbd4f0-8811-11eb-9180-134c133f9914?w=380&h=238&fm=jpg&auto=compress&fit=crop","price":"4.49","pricePer":"$0.74 / oz","purchaseUnit":"6 oz"},{"mainCategory":"Pantry","categoryName":"Healthy Food Inc. Kitchen","subCategoryName":"Salad Dressing & Toppings","title":"Apple Cider Vinaigrette","producer":"Healthy Food Inc. Kitchen","photoPath":"https://goodeggs4.imgix.net/31ce3130-8806-11eb-a74a-432eca49252a?w=380&h=238&fm=jpg&auto=compress&fit=crop","price":"4.49","pricePer":"$0.74 / oz","purchaseUnit":"6 oz"},{"mainCategory":"Pantry","categoryName":"Healthy Food Inc. Kitchen","subCategoryName":"Salad Dressing & Toppings","title":"Balsamic Vinaigrette","producer":"Healthy Food Inc. Kitchen","photoPath":"https://goodeggs4.imgix.net/c9d75360-8808-11eb-8994-e1a9d560c915?w=380&h=238&fm=jpg&auto=compress&fit=crop","price":"4.49","pricePer":"$0.74 / oz","purchaseUnit":"6 oz"},{"mainCategory":"Pantry","categoryName":"Healthy Food Inc. Kitchen","subCategoryName":"Salad Dressing & Toppings","title":"Cilantro Lime Dressing","producer":"Healthy Food Inc. Kitchen","photoPath":"https://goodeggs4.imgix.net/02df0480-880b-11eb-a49c-035b9bcc7078?w=380&h=238&fm=jpg&auto=compress&fit=crop","price":"4.49","pricePer":"$0.74 / oz","purchaseUnit":"6 oz"},{"mainCategory":"Pantry","categoryName":"Healthy Food Inc. Kitchen","subCategoryName":"Salad Dressing & Toppings","title":"Vegan Caesar Dressing","producer":"Healthy Food Inc. Kitchen","photoPath":"https://goodeggs4.imgix.net/7d4f5348-b837-4782-9b8a-ba01128fd14e.jpg?w=380&h=238&fm=jpg&auto=compress&fit=crop","price":"3.99","pricePer":"$0.79 / oz","purchaseUnit":"5 oz"},{"mainCategory":"Pantry","categoryName":"Healthy Food Inc. Kitchen","subCategoryName":"Pasta, Grains & Beans","title":"Cooked Farro","producer":"Healthy Food Inc. Kitchen","photoPath":"https://goodeggs4.imgix.net/db9def2f-7430-4d65-b65b-5ea36de17389.jpg?w=380&h=238&fm=jpg&auto=compress&fit=crop","price":"4.99","pricePer":"$0.49 / oz","purchaseUnit":"10 oz"},{"mainCategory":"Pantry","categoryName":"Healthy Food Inc. Kitchen","subCategoryName":"Pasta, Grains & Beans","title":"Black Beans","producer":"Healthy Food Inc. Kitchen","photoPath":"https://goodeggs4.imgix.net/81004744-1226-411f-a2b5-3a1f32c12812.jpg?w=380&h=238&fm=jpg&auto=compress&fit=crop","price":"4.99","pricePer":"$0.49 / oz","purchaseUnit":"10 oz"},{"mainCategory":"Pantry","categoryName":"Healthy Food Inc. Kitchen","subCategoryName":"Pasta, Grains & Beans","title":"Cooked Brown Rice","producer":"Healthy Food Inc. Kitchen","photoPath":"https://goodeggs4.imgix.net/6ef1f46b-381c-445b-938c-a09ba05e37db.jpg?w=380&h=238&fm=jpg&auto=compress&fit=crop","price":"4.99","pricePer":"$5.70 / lb","purchaseUnit":"14 oz"},{"mainCategory":"Pantry","categoryName":"Healthy Food Inc. Kitchen","subCategoryName":"Pasta, Grains & Beans","title":"Cooked Quinoa","producer":"Healthy Food Inc. Kitchen","photoPath":"https://goodeggs4.imgix.net/0430daae-94ec-4021-a979-13b8d0f2f5c3.jpg?w=380&h=238&fm=jpg&auto=compress&fit=crop","price":"4.99","pricePer":"$0.36 / oz","purchaseUnit":"14 oz"},{"mainCategory":"Pantry","categoryName":"Healthy Food Inc. Kitchen","subCategoryName":"Pasta, Grains & Beans","title":"Cooked Wild Rice","producer":"Healthy Food Inc. Kitchen","photoPath":"https://goodeggs4.imgix.net/e4c49047-a19a-49d2-a61e-c42fc44a7e33.jpg?w=380&h=238&fm=jpg&auto=compress&fit=crop","price":"5.99","pricePer":"$0.66 / oz","purchaseUnit":"9 oz"},{"mainCategory":"Pantry","categoryName":"Healthy Food Inc. Kitchen","subCategoryName":"Pasta, Grains & Beans","title":"Cooked Durum Wheat Pasta","producer":"Healthy Food Inc. Kitchen","photoPath":"https://goodeggs4.imgix.net/e585a520-bd3d-4ebc-a272-0a46c82d6f21.jpg?w=380&h=238&fm=jpg&auto=compress&fit=crop","price":"5.99","pricePer":"$0.33 / oz","purchaseUnit":"18 oz"},{"mainCategory":"Pantry","categoryName":"Healthy Food Inc. Kitchen","subCategoryName":"Pasta, Grains & Beans","title":"All Purpose Flour","producer":"Healthy Food Inc. Kitchen","photoPath":"https://goodeggs4.imgix.net/2d622549-2d28-43b0-9a5b-98ba601adc68.jpg?w=380&h=238&fm=jpg&auto=compress&fit=crop","price":"4.99","pricePer":"$2.49 / lb","purchaseUnit":"32 oz"},{"mainCategory":"Pantry","categoryName":"Healthy Food Inc. Kitchen","subCategoryName":"Pasta, Grains & Beans","title":"Dried Long Grain White Rice","producer":"Healthy Food Inc. Kitchen","photoPath":"https://goodeggs4.imgix.net/eee4ce64-3b25-4168-85ea-9ac3e052cf66.jpg?w=380&h=238&fm=jpg&auto=compress&fit=crop","price":"3.99","pricePer":null,"purchaseUnit":"8 oz"},{"mainCategory":"Pantry","categoryName":"Healthy Food Inc. Kitchen","subCategoryName":"Pasta, Grains & Beans","title":"Dried Sushi Rice","producer":"Healthy Food Inc. Kitchen","photoPath":"https://goodeggs4.imgix.net/6c453bcd-2030-442e-98cf-fdef4c5555ca.jpg?w=380&h=238&fm=jpg&auto=compress&fit=crop","price":"4.99","pricePer":null,"purchaseUnit":"16 oz"},{"mainCategory":"Pantry","categoryName":"Healthy Food Inc. Kitchen","subCategoryName":"Pasta, Grains & Beans","title":"Chili Simmer Sauce","producer":"Healthy Food Inc. Kitchen","photoPath":"https://goodeggs4.imgix.net/7742cca5-a069-4133-b6be-21845a81f673.jpg?w=380&h=238&fm=jpg&auto=compress&fit=crop","price":"7.99","pricePer":"$0.40 / oz","purchaseUnit":"20 oz"},{"mainCategory":"Pantry","categoryName":"Healthy Food Inc. Kitchen","subCategoryName":"Sauces & Condiments","title":"Pistachio Pesto","producer":"Healthy Food Inc. Kitchen","photoPath":"https://goodeggs4.imgix.net/60fd17b6-362c-4e01-99aa-c64598955e40.jpg?w=380&h=238&fm=jpg&auto=compress&fit=crop","price":"4.99","pricePer":"$0.99 / oz","purchaseUnit":"5 oz"},{"mainCategory":"Pantry","categoryName":"Healthy Food Inc. Kitchen","subCategoryName":"Sauces & Condiments","title":"Green Garlic Aioli","producer":"Healthy Food Inc. Kitchen","photoPath":"https://goodeggs4.imgix.net/7dd68ca6-3182-40bb-8f52-d6e13f8e0f35.jpg?w=380&h=238&fm=jpg&auto=compress&fit=crop","price":"3.99","pricePer":"$0.99 / oz","purchaseUnit":"4 oz"},{"mainCategory":"Pantry","categoryName":"Healthy Food Inc. Kitchen","subCategoryName":"Sauces & Condiments","title":"Special Sauce","producer":"Healthy Food Inc. Kitchen","photoPath":"https://goodeggs4.imgix.net/57454829-142f-48e4-b5e7-0488b917fc4c.jpg?w=380&h=238&fm=jpg&auto=compress&fit=crop","price":"4.99","pricePer":"$0.62 / oz","purchaseUnit":"8 oz"},{"mainCategory":"Pantry","categoryName":"Healthy Food Inc. Kitchen","subCategoryName":"Sauces & Condiments","title":"BBQ Sauce","producer":"Healthy Food Inc. Kitchen","photoPath":"https://goodeggs4.imgix.net/0ea05f9c-495f-491d-b6e2-85c0d3f40879.jpg?w=380&h=238&fm=jpg&auto=compress&fit=crop","price":"4.99","pricePer":"$0.71 / oz","purchaseUnit":"7 oz"},{"mainCategory":"Pantry","categoryName":"Healthy Food Inc. Kitchen","subCategoryName":"Sauces & Condiments","title":"Garlic Yogurt Sauce","producer":"Healthy Food Inc. Kitchen","photoPath":"https://goodeggs4.imgix.net/6e65dc29-ec6d-4167-9908-d8c26d88c315.jpg?w=380&h=238&fm=jpg&auto=compress&fit=crop","price":"4.99","pricePer":"$0.99 / oz","purchaseUnit":"5 oz"},{"mainCategory":"Pantry","categoryName":"Healthy Food Inc. Kitchen","subCategoryName":"Sauces & Condiments","title":"Chimichurri Sauce","producer":"Healthy Food Inc. Kitchen","photoPath":"https://goodeggs4.imgix.net/59d3de0b-76a7-4609-9874-4c305be525c8.jpg?w=380&h=238&fm=jpg&auto=compress&fit=crop","price":"4.99","pricePer":"$0.99 / oz","purchaseUnit":"5 oz"},{"mainCategory":"Pantry","categoryName":"Healthy Food Inc. Kitchen","subCategoryName":"Sauces & Condiments","title":"Enchilada Sauce","producer":"Healthy Food Inc. Kitchen","photoPath":"https://goodeggs4.imgix.net/9da93171-4aa9-4286-b2fe-ce53c475d5d3.jpg?w=380&h=238&fm=jpg&auto=compress&fit=crop","price":"4.99","pricePer":"$0.36 / oz","purchaseUnit":"14 oz"},{"mainCategory":"Pantry","categoryName":"Healthy Food Inc. Kitchen","subCategoryName":"Sauces & Condiments","title":"Buffalo Sauce","producer":"Healthy Food Inc. Kitchen","photoPath":"https://goodeggs4.imgix.net/8de1e5e0-6bbc-4185-a66f-8875ef46665c.jpg?w=380&h=238&fm=jpg&auto=compress&fit=crop","price":"6.99","pricePer":"$0.58 / oz","purchaseUnit":"12 oz"},{"mainCategory":"Pantry","categoryName":"Healthy Food Inc. Kitchen","subCategoryName":"Sauces & Condiments","title":"Housemade Whole Grain Mustard","producer":"Healthy Food Inc. Kitchen","photoPath":"https://goodeggs4.imgix.net/ffb65492-2009-465e-b8b0-df8477be811b.jpg?w=380&h=238&fm=jpg&auto=compress&fit=crop","price":"3.99","pricePer":"$1.33 / oz","purchaseUnit":"3 oz"},{"mainCategory":"Pantry","categoryName":"Healthy Food Inc. Kitchen","subCategoryName":"Sauces & Condiments","title":"Housemade Whole Grain Mustard","producer":"Healthy Food Inc. Kitchen","photoPath":"https://goodeggs4.imgix.net/9dfaa510-a2bb-4037-b8c7-820b43fd3aa6.jpg?w=380&h=238&fm=jpg&auto=compress&fit=crop","price":"5.99","pricePer":"$0.85 / oz","purchaseUnit":"7 oz"},{"mainCategory":"Pantry","categoryName":"Healthy Food Inc. Kitchen","subCategoryName":"Sauces & Condiments","title":"Vegan Miso Mayo","producer":"Healthy Food Inc. Kitchen","photoPath":"https://goodeggs4.imgix.net/2c57701e-fc35-426f-a0e6-cfecb9eca2c0.jpg?w=380&h=238&fm=jpg&auto=compress&fit=crop","price":"4.99","pricePer":"$0.99 / oz","purchaseUnit":"5 oz"},{"mainCategory":"Pantry","categoryName":"Healthy Food Inc. Kitchen","subCategoryName":"Sauces & Condiments","title":"Black Bean Sauce","producer":"Healthy Food Inc. Kitchen","photoPath":"https://goodeggs4.imgix.net/b59cfbe7-84ff-4e43-bd12-58d20f844e6c.jpg?w=380&h=238&fm=jpg&auto=compress&fit=crop","price":"4.99","pricePer":"$0.99 / oz","purchaseUnit":"5 oz"},{"mainCategory":"Pantry","categoryName":"Healthy Food Inc. Kitchen","subCategoryName":"Sauces & Condiments","title":"Filipino Adobo Marinade","producer":"Healthy Food Inc. Kitchen","photoPath":"https://goodeggs4.imgix.net/2e279e11-9f3a-44bd-a2eb-a84a085e0d87.jpg?w=380&h=238&fm=jpg&auto=compress&fit=crop","price":"4.99","pricePer":"$0.62 / oz","purchaseUnit":"8 oz"},{"mainCategory":"Pantry","categoryName":"Healthy Food Inc. Kitchen","subCategoryName":"Sauces & Condiments","title":"Green Curry Simmer Sauce","producer":"Healthy Food Inc. Kitchen","photoPath":"https://goodeggs4.imgix.net/1b0d480f-1e07-41ef-ac96-dde969765957.jpg?w=380&h=238&fm=jpg&auto=compress&fit=crop","price":"9.99","pricePer":"$0.62 / oz","purchaseUnit":"16 oz"},{"mainCategory":"Pantry","categoryName":"Healthy Food Inc. Kitchen","subCategoryName":"Sauces & Condiments","title":"Mascarpone Dip","producer":"Healthy Food Inc. Kitchen","photoPath":"https://goodeggs4.imgix.net/e3f84076-10c7-4572-a59b-72f1a58be414.jpg?w=380&h=238&fm=jpg&auto=compress&fit=crop","price":"7.99","pricePer":"$0.99 / oz","purchaseUnit":"8 oz"},{"mainCategory":"Pantry","categoryName":"Healthy Food Inc. Kitchen","subCategoryName":"Sauces & Condiments","title":"Miso Coconut Simmer Sauce","producer":"Healthy Food Inc. Kitchen","photoPath":"https://goodeggs4.imgix.net/2f81f9f8-b7c0-4b3a-84d4-31b4def8693b.jpg?w=380&h=238&fm=jpg&auto=compress&fit=crop","price":"9.99","pricePer":"$0.36 / oz","purchaseUnit":"28 oz"},{"mainCategory":"Pantry","categoryName":"Cereal & Granola","subCategoryName":"Gluten-Free Granola","title":"Gluten-Free Paleo Sunrise Cranberry Granola","producer":"Nana Joes Granola","photoPath":"https://goodeggs4.imgix.net/a4e60c87-f771-4d59-b3ee-9611f4a0ad88.jpg?w=380&h=238&fm=jpg&auto=compress&fit=crop","price":"9.99","pricePer":"$19.98 / lb","purchaseUnit":"8 oz"},{"mainCategory":"Pantry","categoryName":"Cereal & Granola","subCategoryName":"Gluten-Free Granola","title":"Gluten-Free Sunset Granola Blend","producer":"Nana Joes Granola","photoPath":"https://goodeggs4.imgix.net/40f5c9cc-ec79-48fa-880d-1fdf40b3669c.jpg?w=380&h=238&fm=jpg&auto=compress&fit=crop","price":"8.99","pricePer":"$10.27 / lb","purchaseUnit":"14 oz"},{"mainCategory":"Pantry","categoryName":"Cereal & Granola","subCategoryName":"Gluten-Free Granola","title":"Gluten-Free Paleo Sunrise Orange Granola","producer":"Nana Joes Granola","photoPath":"https://goodeggs4.imgix.net/145e6678-ec53-40d9-85b0-96a2fd972667.jpg?w=380&h=238&fm=jpg&auto=compress&fit=crop","price":"9.99","pricePer":"$19.98 / lb","purchaseUnit":"8 oz"},{"mainCategory":"Pantry","categoryName":"Cereal & Granola","subCategoryName":"Gluten-Free Granola","title":"Gluten-Free Cluster Granola Blend","producer":"Nana Joes Granola","photoPath":"https://goodeggs4.imgix.net/bd74c5ed-5657-4140-952d-ff15d1414a77.jpg?w=380&h=238&fm=jpg&auto=compress&fit=crop","price":"8.99","pricePer":"$10.27 / lb","purchaseUnit":"14 oz"},{"mainCategory":"Pantry","categoryName":"Cereal & Granola","subCategoryName":"Gluten-Free Granola","title":"Gluten-Free Unsweetened Savory Granola Blend","producer":"Nana Joes Granola","photoPath":"https://goodeggs4.imgix.net/ffce9aa4-aefc-448e-bc59-f1a6a2c8b67d.jpg?w=380&h=238&fm=jpg&auto=compress&fit=crop","price":"8.99","pricePer":"$10.27 / lb","purchaseUnit":"14 oz"},{"mainCategory":"Pantry","categoryName":"Cereal & Granola","subCategoryName":"Gluten-Free Granola","title":"5lbs Bulk Gluten-Free Sunset Blend","producer":"Nana Joes Granola","photoPath":"https://goodeggs4.imgix.net/625db3ee-a69a-4dd5-a15c-3fee39671551.jpg?w=380&h=238&fm=jpg&auto=compress&fit=crop","price":"44.99","pricePer":"$8.99 / lb","purchaseUnit":"5 lb"},{"mainCategory":"Pantry","categoryName":"Cereal & Granola","subCategoryName":"Gluten-Free Granola","title":"Sprouted Buckwheat Granola","producer":"Chalk Hill Cookery","photoPath":"https://goodeggs4.imgix.net/cf703c39-80e0-4250-b91b-40479cf59408.jpg?w=380&h=238&fm=jpg&auto=compress&fit=crop","price":"8.99","pricePer":"$11.98 / lb","purchaseUnit":"12 oz"},{"mainCategory":"Pantry","categoryName":"Cereal & Granola","subCategoryName":"Granola","title":"Handcrafted Granola","producer":"Batter Bakery","photoPath":"https://goodeggs4.imgix.net/5d1bae39-a274-42f4-aed5-e0e408c8706d.jpg?w=380&h=238&fm=jpg&auto=compress&fit=crop","price":"10.99","pricePer":"$10.99 / lb","purchaseUnit":"16 oz"},{"mainCategory":"Pantry","categoryName":"Cereal & Granola","subCategoryName":"Granola","title":"Old Country Style Muesli","producer":"Bob's Red Mill","photoPath":"https://goodeggs4.imgix.net/dbdb9377-99eb-4c44-8ffa-b447dddbe14c.jpg?w=380&h=238&fm=jpg&auto=compress&fit=crop","price":"4.69","pricePer":"$4.16 / lb","purchaseUnit":"18 oz"},{"mainCategory":"Pantry","categoryName":"Cereal & Granola","subCategoryName":"Granola","title":"Paleo Muesli","producer":"Bob's Red Mill","photoPath":"https://goodeggs4.imgix.net/8ac252a9-636a-4ae0-bfc8-a93ff3da1c53.jpg?w=380&h=238&fm=jpg&auto=compress&fit=crop","price":"9.99","pricePer":"$11.41 / lb","purchaseUnit":"14 oz"},{"mainCategory":"Pantry","categoryName":"Cereal & Granola","subCategoryName":"Granola","title":"Organic Pumpkin Flax Plus Granola","producer":"Nature's Path","photoPath":"https://goodeggs4.imgix.net/d7c7c848-e17e-4886-a8f9-3a315ac2d769.jpg?w=380&h=238&fm=jpg&auto=compress&fit=crop","price":"4.49","pricePer":"$0.39 / oz","purchaseUnit":"11.5 oz"},{"mainCategory":"Pantry","categoryName":"Cereal & Granola","subCategoryName":"Granola","title":"Love Crunch Dark Chocolate & Berries Granola","producer":"Nature's Path","photoPath":"https://goodeggs4.imgix.net/902ebc99-d6ed-4928-82b4-d5d254a948b8.jpg?w=380&h=238&fm=jpg&auto=compress&fit=crop","price":"4.99","pricePer":"$0.43 / oz","purchaseUnit":"11.5 oz"},{"mainCategory":"Pantry","categoryName":"Cereal & Granola","subCategoryName":"Granola","title":"Love Crunch Peanut Butter Dark Chocolate Granola","producer":"Nature's Path","photoPath":"https://goodeggs4.imgix.net/6b52558c-8e33-4a3f-984d-fb589376df01.jpg?w=380&h=238&fm=jpg&auto=compress&fit=crop","price":"4.99","pricePer":"$0.43 / oz","purchaseUnit":"11.5 oz"},{"mainCategory":"Pantry","categoryName":"Cereal & Granola","subCategoryName":"Granola","title":"Love Crunch Dark Chocolate Macaroon Granola","producer":"Nature's Path","photoPath":"https://goodeggs4.imgix.net/99696890-e8b3-4a95-b0b4-5e6e5ce358cd.jpg?w=380&h=238&fm=jpg&auto=compress&fit=crop","price":"4.99","pricePer":"$0.43 / oz","purchaseUnit":"11.5 oz"},{"mainCategory":"Pantry","categoryName":"Cereal & Granola","subCategoryName":"Granola","title":"Sara's Granola","producer":"Dynamo Donuts","photoPath":"https://goodeggs4.imgix.net/4951a7cd-986f-432a-bfec-e0b9ef543761.jpg?w=380&h=238&fm=jpg&auto=compress&fit=crop","price":"12.99","pricePer":"$17.32 / lb","purchaseUnit":"12 oz"},{"mainCategory":"Pantry","categoryName":"Cereal & Granola","subCategoryName":"Granola","title":"Bohemian Highway Blend Apple Granola","producer":"Little Apple Treats","photoPath":"https://goodeggs4.imgix.net/9b63fd24-70a1-4096-8539-2612006b14de.jpg?w=380&h=238&fm=jpg&auto=compress&fit=crop","price":"8.69","pricePer":"$1.08 / oz","purchaseUnit":"8 oz"},{"mainCategory":"Pantry","categoryName":"Cereal & Granola","subCategoryName":"Granola","title":"Hill + Hollow Blend Apple Granola","producer":"Little Apple Treats","photoPath":"https://goodeggs4.imgix.net/bcd840f1-c6dc-4132-b06e-65a7726d6396.jpg?w=380&h=238&fm=jpg&auto=compress&fit=crop","price":"8.69","pricePer":"$1.08 / oz","purchaseUnit":"8 oz"},{"mainCategory":"Pantry","categoryName":"Cereal & Granola","subCategoryName":"Granola","title":"New World Blend Apple Granola","producer":"Little Apple Treats","photoPath":"https://goodeggs4.imgix.net/143785e6-b567-43d8-a975-1ebdcb5c6394.jpg?w=380&h=238&fm=jpg&auto=compress&fit=crop","price":"8.69","pricePer":"$1.08 / oz","purchaseUnit":"8 oz"},{"mainCategory":"Pantry","categoryName":"Cereal & Granola","subCategoryName":"Granola","title":"Orchard Blend Apple Granola","producer":"Little Apple Treats","photoPath":"https://goodeggs4.imgix.net/2af7c235-c3f7-4d4a-a49c-d4c5bcd8552b.jpg?w=380&h=238&fm=jpg&auto=compress&fit=crop","price":"8.69","pricePer":"$1.08 / oz","purchaseUnit":"8 oz"},{"mainCategory":"Pantry","categoryName":"Cereal & Granola","subCategoryName":"Hot Cereal & Oats","title":"Organic Old Fashioned Rolled Oats","producer":"Bob's Red Mill","photoPath":"https://goodeggs4.imgix.net/273effeb-4fba-4df9-8726-1b16e0265c11.jpg?w=380&h=238&fm=jpg&auto=compress&fit=crop","price":"4.99","pricePer":"$2.49 / lb","purchaseUnit":"32 oz"},{"mainCategory":"Pantry","categoryName":"Cereal & Granola","subCategoryName":"Hot Cereal & Oats","title":"Organic Quick Cooking Rolled Oats","producer":"Bob's Red Mill","photoPath":"https://goodeggs4.imgix.net/b6cab377-7ae4-40b6-a1b3-2f932e29a1a5.jpg?w=380&h=238&fm=jpg&auto=compress&fit=crop","price":"4.99","pricePer":"$2.49 / lb","purchaseUnit":"32 oz"},{"mainCategory":"Pantry","categoryName":"Cereal & Granola","subCategoryName":"Hot Cereal & Oats","title":"Organic Extra Thick Rolled Oats","producer":"Bob's Red Mill","photoPath":"https://goodeggs4.imgix.net/ac330d4a-47de-4e4a-bee2-8b8c4b05c73b.jpg?w=380&h=238&fm=jpg&auto=compress&fit=crop","price":"4.99","pricePer":"$2.49 / lb","purchaseUnit":"32 oz"},{"mainCategory":"Pantry","categoryName":"Cereal & Granola","subCategoryName":"Hot Cereal & Oats","title":"Organic Steel Cut Oats","producer":"Bob's Red Mill","photoPath":"https://goodeggs4.imgix.net/37404c15-db81-4d08-a4a4-1447289c0811.jpg?w=380&h=238&fm=jpg&auto=compress&fit=crop","price":"4.79","pricePer":"$3.19 / lb","purchaseUnit":"24 oz"},{"mainCategory":"Pantry","categoryName":"Cereal & Granola","subCategoryName":"Hot Cereal & Oats","title":"Quick Cooking Steel Cut Oats","producer":"Bob's Red Mill","photoPath":"https://goodeggs4.imgix.net/d4558012-21ff-47cd-b158-89cfd5cc1f4f.jpg?w=380&h=238&fm=jpg&auto=compress&fit=crop","price":"3.99","pricePer":"$2.90 / lb","purchaseUnit":"22 oz"},{"mainCategory":"Pantry","categoryName":"Cereal & Granola","subCategoryName":"Hot Cereal & Oats","title":"Gluten-Free Old Fashioned Rolled Oats","producer":"Bob's Red Mill","photoPath":"https://goodeggs4.imgix.net/ed0ddd48-e2b7-4e72-aeba-aac363a9d3ed.jpg?w=380&h=238&fm=jpg&auto=compress&fit=crop","price":"7.49","pricePer":"$3.74 / lb","purchaseUnit":"32 oz"},{"mainCategory":"Pantry","categoryName":"Cereal & Granola","subCategoryName":"Hot Cereal & Oats","title":"Gluten-Free Steel Cut Oats","producer":"Bob's Red Mill","photoPath":"https://goodeggs4.imgix.net/7fd13cc5-f960-42c0-b224-286c0b09fcbd.jpg?w=380&h=238&fm=jpg&auto=compress&fit=crop","price":"5.99","pricePer":"$3.99 / lb","purchaseUnit":"24 oz"},{"mainCategory":"Pantry","categoryName":"Cereal & Granola","subCategoryName":"Hot Cereal & Oats","title":"Gluten-Free Quick Cooking Oats","producer":"Bob's Red Mill","photoPath":"https://goodeggs4.imgix.net/3f51c507-84fd-4589-8c28-9c95db6314d0.jpg?w=380&h=238&fm=jpg&auto=compress&fit=crop","price":"7.99","pricePer":"$4.56 / lb","purchaseUnit":"28 oz"},{"mainCategory":"Pantry","categoryName":"Cereal & Granola","subCategoryName":"Hot Cereal & Oats","title":"Organic Black Chia Seeds","producer":"Edison Grainery","photoPath":"https://goodeggs4.imgix.net/8814c846-77ac-4411-9a98-7c146d1461d4.jpg?w=380&h=238&fm=jpg&auto=compress&fit=crop","price":"7.99","pricePer":"$7.99 / lb","purchaseUnit":"16 oz"},{"mainCategory":"Pantry","categoryName":"Cereal & Granola","subCategoryName":"Hot Cereal & Oats","title":"Organic Corn Meal Polenta","producer":"Edison Grainery","photoPath":"https://goodeggs4.imgix.net/e3ae3347-5c86-432e-9ab7-cb9979ca6f57.jpg?w=380&h=238&fm=jpg&auto=compress&fit=crop","price":"3.69","pricePer":"$3.69 / lb","purchaseUnit":"16 oz"},{"mainCategory":"Pantry","categoryName":"Cereal & Granola","subCategoryName":"Hot Cereal & Oats","title":"Organic Instant Oatmeal Variety Pack","producer":"Nature's Path","photoPath":"https://goodeggs4.imgix.net/bf799657-1728-4b9e-a062-3399c29ac89c.jpg?w=380&h=238&fm=jpg&auto=compress&fit=crop","price":"4.79","pricePer":"$0.34 / oz","purchaseUnit":"8 count"},{"mainCategory":"Pantry","categoryName":"Cereal & Granola","subCategoryName":"Hot Cereal & Oats","title":"Organic Original Instant Oatmeal","producer":"Nature's Path","photoPath":"https://goodeggs4.imgix.net/a5ff210f-1bfc-4c0e-9e65-ea81c0111e18.jpg?w=380&h=238&fm=jpg&auto=compress&fit=crop","price":"4.79","pricePer":"$0.34 / oz","purchaseUnit":"8 count"},{"mainCategory":"Pantry","categoryName":"Cereal & Granola","subCategoryName":"Hot Cereal & Oats","title":"Organic Apple Cinnamon Instant Oatmeal","producer":"Nature's Path","photoPath":"https://goodeggs4.imgix.net/95040b0b-f965-4f03-b5d8-a67f6c64d1e9.jpg?w=380&h=238&fm=jpg&auto=compress&fit=crop","price":"4.79","pricePer":"$0.34 / oz","purchaseUnit":"8 count"},{"mainCategory":"Pantry","categoryName":"Cereal & Granola","subCategoryName":"Hot Cereal & Oats","title":"Organic Maple Nut Instant Oatmeal","producer":"Nature's Path","photoPath":"https://goodeggs4.imgix.net/672c7782-5159-4118-9ae2-476d63c55008.jpg?w=380&h=238&fm=jpg&auto=compress&fit=crop","price":"4.79","pricePer":"$0.34 / oz","purchaseUnit":"8 count"},{"mainCategory":"Pantry","categoryName":"Cereal & Granola","subCategoryName":"Hot Cereal & Oats","title":"Handmade Instant Oatmeal","producer":"Batter Bakery","photoPath":"https://goodeggs4.imgix.net/8fa78234-a7f2-4b76-b076-25405d256172.jpg?w=380&h=238&fm=jpg&auto=compress&fit=crop","price":"6.99","pricePer":"$1.16 / oz","purchaseUnit":"6 oz"},{"mainCategory":"Pantry","categoryName":"Cereal & Granola","subCategoryName":"Cereal","title":"Organic Purely O's","producer":"Cascadian Farm","photoPath":"https://goodeggs4.imgix.net/8f8b0430-bf3e-4e3b-8854-f83ab43a5ce6.jpg?w=380&h=238&fm=jpg&auto=compress&fit=crop","price":"4.79","pricePer":"$0.53 / oz","purchaseUnit":"9 oz"},{"mainCategory":"Pantry","categoryName":"Cereal & Granola","subCategoryName":"Cereal","title":"Organic Honey Nut O's","producer":"Cascadian Farm","photoPath":"https://goodeggs4.imgix.net/e596c959-b0a5-48c7-9ebc-ac86b9c9b47b.jpg?w=380&h=238&fm=jpg&auto=compress&fit=crop","price":"4.79","pricePer":"$0.46 / oz","purchaseUnit":"10.4 oz"},{"mainCategory":"Pantry","categoryName":"Cereal & Granola","subCategoryName":"Cereal","title":"Organic Fruitful O's","producer":"Cascadian Farm","photoPath":"https://goodeggs4.imgix.net/3a2b6243-eb76-41b7-8b47-ffe3c7f45fed.jpg?w=380&h=238&fm=jpg&auto=compress&fit=crop","price":"4.79","pricePer":"$0.47 / oz","purchaseUnit":"10.2 oz"},{"mainCategory":"Pantry","categoryName":"Cereal & Granola","subCategoryName":"Cereal","title":"Organic Raisin Bran","producer":"Cascadian Farm","photoPath":"https://goodeggs4.imgix.net/2745f166-88fe-4441-a014-428ecc214ef4.jpg?w=380&h=238&fm=jpg&auto=compress&fit=crop","price":"4.79","pricePer":"$0.40 / oz","purchaseUnit":"12 oz"},{"mainCategory":"Pantry","categoryName":"Cereal & Granola","subCategoryName":"Cereal","title":"Organic Cinnamon Crunch","producer":"Cascadian Farm","photoPath":"https://goodeggs4.imgix.net/0a780885-9486-40cb-a129-47ddc56182a3.jpg?w=380&h=238&fm=jpg&auto=compress&fit=crop","price":"4.79","pricePer":"$0.52 / oz","purchaseUnit":"9.2 oz"},{"mainCategory":"Pantry","categoryName":"Cereal & Granola","subCategoryName":"Cereal","title":"Organic Multi Grain Squares","producer":"Cascadian Farm","photoPath":"https://goodeggs4.imgix.net/09d103b6-fd1b-45ea-b7bf-c60379b650a4.jpg?w=380&h=238&fm=jpg&auto=compress&fit=crop","price":"4.79","pricePer":"$0.37 / oz","purchaseUnit":"13 oz"},{"mainCategory":"Pantry","categoryName":"Cereal & Granola","subCategoryName":"Cereal","title":"Morning Oat Crunch","producer":"Barbara's","photoPath":"https://goodeggs4.imgix.net/03b7980c-609b-4335-a27b-e5564089fea7.jpg?w=380&h=238&fm=jpg&auto=compress&fit=crop","price":"4.79","pricePer":"$0.48 / oz","purchaseUnit":"10 oz"},{"mainCategory":"Pantry","categoryName":"Cereal & Granola","subCategoryName":"Cereal","title":"Organic Strawberry Fields","producer":"Kashi","photoPath":"https://goodeggs4.imgix.net/6e1e55ae-b8a5-45e4-811b-9ffdb05de162.jpg?w=380&h=238&fm=jpg&auto=compress&fit=crop","price":"4.99","pricePer":"$0.48 / oz","purchaseUnit":"10.3 oz"},{"mainCategory":"Pantry","categoryName":"Cereal & Granola","subCategoryName":"Cereal","title":"Organic Cinnamon Wheat","producer":"Kashi","photoPath":"https://goodeggs4.imgix.net/9790402c-f58a-47a7-ad9c-c8fcf51f6440.jpg?w=380&h=238&fm=jpg&auto=compress&fit=crop","price":"4.99","pricePer":"$0.31 / oz","purchaseUnit":"16.3 oz"},{"mainCategory":"Pantry","categoryName":"Cereal & Granola","subCategoryName":"Cereal","title":"GoLean Original","producer":"Kashi","photoPath":"https://goodeggs4.imgix.net/430127db-4717-4e49-8298-d37064ad751c.jpg?w=380&h=238&fm=jpg&auto=compress&fit=crop","price":"3.99","pricePer":"$0.28 / oz","purchaseUnit":"14.1 oz"},{"mainCategory":"Pantry","categoryName":"Cereal & Granola","subCategoryName":"Cereal","title":"GoLean Crunch","producer":"Kashi","photoPath":"https://goodeggs4.imgix.net/bda4f0da-0b77-448c-8293-bfc3c8ed2132.jpg?w=380&h=238&fm=jpg&auto=compress&fit=crop","price":"3.99","pricePer":"$0.29 / oz","purchaseUnit":"13.8 oz"},{"mainCategory":"Pantry","categoryName":"Cereal & Granola","subCategoryName":"Cereal","title":"GoLean Honey Almond Flax","producer":"Kashi","photoPath":"https://goodeggs4.imgix.net/0c6bc549-e0f3-4342-a1c1-1da41673ff8d.jpg?w=380&h=238&fm=jpg&auto=compress&fit=crop","price":"3.99","pricePer":"$0.28 / oz","purchaseUnit":"14 oz"},{"mainCategory":"Pantry","categoryName":"Cereal & Granola","subCategoryName":"Cereal","title":"Cinnamon French Toast Cereal","producer":"Kashi","photoPath":"https://goodeggs4.imgix.net/5de85208-de15-48c3-98ad-940c199279dc.jpg?w=380&h=238&fm=jpg&auto=compress&fit=crop","price":"4.99","pricePer":"$0.49 / oz","purchaseUnit":"10 oz"},{"mainCategory":"Pantry","categoryName":"Cereal & Granola","subCategoryName":"Cereal","title":"Transitional Organic Dark Cocoa Wheat","producer":"Kashi","photoPath":"https://goodeggs4.imgix.net/32f5ec6a-a207-431a-a001-acfd73cdf37d.jpg?w=380&h=238&fm=jpg&auto=compress&fit=crop","price":"4.69","pricePer":"$0.29 / oz","purchaseUnit":"16.1 oz"},{"mainCategory":"Pantry","categoryName":"Cereal & Granola","subCategoryName":"Cereal","title":"Organic Gluten-Free Whole O's","producer":"Nature's Path","photoPath":"https://goodeggs4.imgix.net/615bd61e-9d3e-4330-93ab-b68fbe06e8a8.jpg?w=380&h=238&fm=jpg&auto=compress&fit=crop","price":"3.99","pricePer":"$0.35 / oz","purchaseUnit":"11.5 oz"},{"mainCategory":"Pantry","categoryName":"Cereal & Granola","subCategoryName":"Cereal","title":"Organic Heritage Flakes Cereal","producer":"Nature's Path","photoPath":"https://goodeggs4.imgix.net/85a84595-3807-46bd-8f2b-1436761a4da2.jpg?w=380&h=238&fm=jpg&auto=compress&fit=crop","price":"4.79","pricePer":"$0.36 / oz","purchaseUnit":"13.25 oz"},{"mainCategory":"Pantry","categoryName":"Cereal & Granola","subCategoryName":"Cereal","title":"Organic Flax Plus Raisin Bran","producer":"Nature's Path","photoPath":"https://goodeggs4.imgix.net/ed13260f-a804-454a-97ec-9ea4d4daea9e.jpg?w=380&h=238&fm=jpg&auto=compress&fit=crop","price":"4.49","pricePer":"$0.32 / oz","purchaseUnit":"14 oz"},{"mainCategory":"Pantry","categoryName":"Cereal & Granola","subCategoryName":"Cereal","title":"Organic Gluten-Free Crunchy Vanilla Sunrise Cereal","producer":"Nature's Path","photoPath":"https://goodeggs4.imgix.net/11398e0e-627a-4f5b-a207-a28d1dcb8b3b.jpg?w=380&h=238&fm=jpg&auto=compress&fit=crop","price":"4.79","pricePer":"$0.45 / oz","purchaseUnit":"10.6 oz"},{"mainCategory":"Pantry","categoryName":"Cereal & Granola","subCategoryName":"Cereal","title":"Organic Flax Plus Maple Pecan Crunch","producer":"Nature's Path","photoPath":"https://goodeggs4.imgix.net/c9532a30-9457-41ae-a2cd-bacbbd99f21b.jpg?w=380&h=238&fm=jpg&auto=compress&fit=crop","price":"4.79","pricePer":"$0.42 / oz","purchaseUnit":"11.5 oz"},{"mainCategory":"Pantry","categoryName":"Cereal & Granola","subCategoryName":"Cereal","title":"Organic Gluten-Free Fruit Juice Sweetened Corn Flakes","producer":"Nature's Path","photoPath":"https://goodeggs4.imgix.net/e0e29960-084c-4600-976c-0b291c07d909.jpg?w=380&h=238&fm=jpg&auto=compress&fit=crop","price":"4.79","pricePer":"$0.45 / oz","purchaseUnit":"10.6 oz"},{"mainCategory":"Pantry","categoryName":"Cereal & Granola","subCategoryName":"Cereal","title":"Organic Optimum Power Blueberry Cinnamon Flax","producer":"Nature's Path","photoPath":"https://goodeggs4.imgix.net/564c5b7d-7844-4ecd-91dd-d784d14512bf.jpg?w=380&h=238&fm=jpg&auto=compress&fit=crop","price":"3.99","pricePer":"$0.28 / oz","purchaseUnit":"14 oz"},{"mainCategory":"Pantry","categoryName":"Cereal & Granola","subCategoryName":"Cereal","title":"Organic Gluten-Free Golden Turmeric Flakes","producer":"Nature's Path","photoPath":"https://goodeggs4.imgix.net/b4313cea-9514-400e-a845-9e89830d3f6b.jpg?w=380&h=238&fm=jpg&auto=compress&fit=crop","price":"4.99","pricePer":"$0.47 / oz","purchaseUnit":"10.6 oz"},{"mainCategory":"Pantry","categoryName":"Cereal & Granola","subCategoryName":"Cereal","title":"Organic Gluten-Free Purple BAM! Flakes","producer":"Nature's Path","photoPath":"https://goodeggs4.imgix.net/bea90bb7-1623-4516-9bb4-0018ac2743b3.jpg?w=380&h=238&fm=jpg&auto=compress&fit=crop","price":"4.99","pricePer":"$0.47 / oz","purchaseUnit":"10.6 oz"},{"mainCategory":"Pantry","categoryName":"Cereal & Granola","subCategoryName":"Kid-Friendly Cereal","title":"Original Puffins","producer":"Barbara's","photoPath":"https://goodeggs4.imgix.net/40bf5c43-c7b6-42e3-99f7-0b282b6f2707.jpg?w=380&h=238&fm=jpg&auto=compress&fit=crop","price":"4.79","pricePer":"$0.48 / oz","purchaseUnit":"10 oz"},{"mainCategory":"Pantry","categoryName":"Cereal & Granola","subCategoryName":"Kid-Friendly Cereal","title":"Peanut Butter Puffins","producer":"Barbara's","photoPath":"https://goodeggs4.imgix.net/720c8bb4-5155-4cdd-86dc-fbc6574889c7.jpg?w=380&h=238&fm=jpg&auto=compress&fit=crop","price":"4.79","pricePer":"$0.44 / oz","purchaseUnit":"11 oz"},{"mainCategory":"Pantry","categoryName":"Cereal & Granola","subCategoryName":"Kid-Friendly Cereal","title":"Organic Frosted Amazon Flakes","producer":"Nature's Path","photoPath":"https://goodeggs4.imgix.net/5ca4f9af-20e9-461b-a3bf-556c58995571.jpg?w=380&h=238&fm=jpg&auto=compress&fit=crop","price":"4.79","pricePer":"$0.44 / oz","purchaseUnit":"11 oz"},{"mainCategory":"Pantry","categoryName":"Cereal & Granola","subCategoryName":"Kid-Friendly Cereal","title":"Organic Peanut Butter Panda Puffs","producer":"Nature's Path","photoPath":"https://goodeggs4.imgix.net/4c745b58-8a6c-4cc7-a821-d4808800ad42.jpg?w=380&h=238&fm=jpg&auto=compress&fit=crop","price":"4.79","pricePer":"$0.45 / oz","purchaseUnit":"10.6 oz"},{"mainCategory":"Pantry","categoryName":"Cereal & Granola","subCategoryName":"Kid-Friendly Cereal","title":"Organic Gorilla Munch Corn Puffs","producer":"Nature's Path","photoPath":"https://goodeggs4.imgix.net/35c0e859-3fdb-4407-afe6-207044fc44b9.jpg?w=380&h=238&fm=jpg&auto=compress&fit=crop","price":"4.79","pricePer":"$0.48 / oz","purchaseUnit":"10 oz"},{"mainCategory":"Pantry","categoryName":"Cereal & Granola","subCategoryName":"Kid-Friendly Cereal","title":"Organic Chocolate Koala Crisp","producer":"Nature's Path","photoPath":"https://goodeggs4.imgix.net/e943c4ae-69e4-4b9d-a9fd-f997217cccd3.jpg?w=380&h=238&fm=jpg&auto=compress&fit=crop","price":"4.79","pricePer":"$0.48 / oz","purchaseUnit":"10 oz"},{"mainCategory":"Pantry","categoryName":"Cereal & Granola","subCategoryName":"Kid-Friendly Cereal","title":"Organic Choco Chimps","producer":"Nature's Path","photoPath":"https://goodeggs4.imgix.net/45687397-7e14-4225-bd7e-1feb347ca5c0.jpg?w=380&h=238&fm=jpg&auto=compress&fit=crop","price":"4.79","pricePer":"$0.48 / oz","purchaseUnit":"10 oz"},{"mainCategory":"Pantry","categoryName":"Cereal & Granola","subCategoryName":"Kid-Friendly Cereal","title":"Organic Gluten-Free Peanut Butter Panda Puffs Ecopak","producer":"Nature's Path","photoPath":"https://goodeggs4.imgix.net/aeb939aa-f8ed-42e3-82fc-d711e6acf8b3.jpg?w=380&h=238&fm=jpg&auto=compress&fit=crop","price":"7.99","pricePer":"$0.32 / oz","purchaseUnit":"24.7 oz"},{"mainCategory":"Pantry","categoryName":"Cereal & Granola","subCategoryName":"Kid-Friendly Cereal","title":"Organic Gluten-Free Chocolate Koala Crisp Ecopak","producer":"Nature's Path","photoPath":"https://goodeggs4.imgix.net/736727e2-eb5d-4842-8019-6bf59d4dbaee.jpg?w=380&h=238&fm=jpg&auto=compress&fit=crop","price":"7.99","pricePer":"$0.31 / oz","purchaseUnit":"25.6 oz"},{"mainCategory":"Pantry","categoryName":"Cereal & Granola","subCategoryName":"Kid-Friendly Cereal","title":"Organic Berry Blast Cheetah Chomps","producer":"Nature's Path","photoPath":"https://goodeggs4.imgix.net/d7ba31dc-9618-47c1-9ca4-7e0803f55894.jpg?w=380&h=238&fm=jpg&auto=compress&fit=crop","price":"4.79","pricePer":"$0.42 / oz","purchaseUnit":"11.5 oz"},{"mainCategory":"Pantry","categoryName":"Nut Butters & Fruit Spreads","subCategoryName":"Peanut Butter","title":"Organic Creamy Peanut Butter","producer":"Once Again Nut Butter","photoPath":"https://goodeggs4.imgix.net/41a5b1d8-edf1-44bb-b633-84ca8d82a04e.jpg?w=380&h=238&fm=jpg&auto=compress&fit=crop","price":"7.69","pricePer":"$0.48 / oz","purchaseUnit":"16 oz"},{"mainCategory":"Pantry","categoryName":"Nut Butters & Fruit Spreads","subCategoryName":"Peanut Butter","title":"Smooth Operator Peanut Butter","producer":"Peanut Butter & Co.","photoPath":"https://goodeggs4.imgix.net/1f7147b1-6480-44af-b1af-11666a59b23f.jpg?w=380&h=238&fm=jpg&auto=compress&fit=crop","price":"4.99","pricePer":"$0.31 / oz","purchaseUnit":"16 oz"},{"mainCategory":"Pantry","categoryName":"Nut Butters & Fruit Spreads","subCategoryName":"Peanut Butter","title":"Organic Creamy Unsalted Peanut Butter","producer":"Field Day","photoPath":"https://goodeggs4.imgix.net/09a4c80c-d306-4e65-98f7-bc7cbd59c02e.jpg?w=380&h=238&fm=jpg&auto=compress&fit=crop","price":"5.99","pricePer":"$0.33 / oz","purchaseUnit":"18 oz"},{"mainCategory":"Pantry","categoryName":"Nut Butters & Fruit Spreads","subCategoryName":"Peanut Butter","title":"Organic Crunchy Salted Peanut Butter","producer":"Field Day","photoPath":"https://goodeggs4.imgix.net/a3fb6006-1c58-43d8-8b6a-1b34d76fc89a.jpg?w=380&h=238&fm=jpg&auto=compress&fit=crop","price":"5.99","pricePer":"$0.33 / oz","purchaseUnit":"18 oz"},{"mainCategory":"Pantry","categoryName":"Nut Butters & Fruit Spreads","subCategoryName":"Peanut Butter","title":"Crunch Time Peanut Butter","producer":"Peanut Butter & Co.","photoPath":"https://goodeggs4.imgix.net/d1f90971-1d5d-4967-b309-98112ef2dfb8.jpg?w=380&h=238&fm=jpg&auto=compress&fit=crop","price":"4.99","pricePer":"$0.31 / oz","purchaseUnit":"16 oz"},{"mainCategory":"Pantry","categoryName":"Nut Butters & Fruit Spreads","subCategoryName":"Peanut Butter","title":"Organic Crunchy Unsalted Peanut Butter","producer":"Field Day","photoPath":"https://goodeggs4.imgix.net/4b4ab0d4-00b2-45f0-ae06-cd40c8ca053a.jpg?w=380&h=238&fm=jpg&auto=compress&fit=crop","price":"5.99","pricePer":"$0.33 / oz","purchaseUnit":"18 oz"},{"mainCategory":"Pantry","categoryName":"Nut Butters & Fruit Spreads","subCategoryName":"Seed Butters","title":"Organic Unsweetened Sunflower Seed Butter","producer":"Once Again Nut Butter","photoPath":"https://goodeggs4.imgix.net/8adc2d1d-31a9-4a94-aac4-677cf014d6e3.jpg?w=380&h=238&fm=jpg&auto=compress&fit=crop","price":"7.99","pricePer":"$0.49 / oz","purchaseUnit":"16 oz"},{"mainCategory":"Pantry","categoryName":"Nut Butters & Fruit Spreads","subCategoryName":"Seed Butters","title":"Organic Sunflower Seed Butter","producer":"Once Again Nut Butter","photoPath":"https://goodeggs4.imgix.net/a3ba034d-8eec-4230-ad66-e5de3a92080d.jpg?w=380&h=238&fm=jpg&auto=compress&fit=crop","price":"7.99","pricePer":"$0.49 / oz","purchaseUnit":"16 oz"},{"mainCategory":"Pantry","categoryName":"Nut Butters & Fruit Spreads","subCategoryName":"Seed Butters","title":"Organic Pumpkin Seed Butter","producer":"88 Acres","photoPath":"https://goodeggs4.imgix.net/39073f70-7484-4ca7-be52-3b8e473965b1.jpg?w=380&h=238&fm=jpg&auto=compress&fit=crop","price":"13.99","pricePer":"$0.99 / oz","purchaseUnit":"14 oz"},{"mainCategory":"Pantry","categoryName":"Nut Butters & Fruit Spreads","subCategoryName":"Almond Butter","title":"Organic Smooth Almond Butter","producer":"Maisie Jane's","photoPath":"https://goodeggs4.imgix.net/82e37f66-6df3-4363-8bd7-6c48f6c80d42.jpg?w=380&h=238&fm=jpg&auto=compress&fit=crop","price":"15.99","pricePer":"$1.33 / oz","purchaseUnit":"12 oz"},{"mainCategory":"Pantry","categoryName":"Nut Butters & Fruit Spreads","subCategoryName":"Almond Butter","title":"Natural Creamy Almond Butter","producer":"Once Again Nut Butter","photoPath":"https://goodeggs4.imgix.net/0677e906-5b02-45a4-b71c-6afcc4ff06b3.jpg?w=380&h=238&fm=jpg&auto=compress&fit=crop","price":"13.99","pricePer":"$0.87 / oz","purchaseUnit":"16 oz"},{"mainCategory":"Pantry","categoryName":"Nut Butters & Fruit Spreads","subCategoryName":"Almond Butter","title":"Smooth Almond Butter","producer":"Maisie Jane's","photoPath":"https://goodeggs4.imgix.net/a45fe1ec-2c36-4536-b723-747f9a7c0ff9.jpg?w=380&h=238&fm=jpg&auto=compress&fit=crop","price":"10.69","pricePer":"$0.89 / oz","purchaseUnit":"12 oz"},{"mainCategory":"Pantry","categoryName":"Nut Butters & Fruit Spreads","subCategoryName":"Almond Butter","title":"Organic \"Naked Creamy\" Sprouted Almond Butter","producer":"The Philosopher's Stoneground","photoPath":"https://goodeggs4.imgix.net/a89a2b18-9c7e-4353-a0ac-9629cafa98d4.jpg?w=380&h=238&fm=jpg&auto=compress&fit=crop","price":"26.99","pricePer":"$1.68 / oz","purchaseUnit":"16 oz"},{"mainCategory":"Pantry","categoryName":"Nut Butters & Fruit Spreads","subCategoryName":"Almond Butter","title":"Organic Dark Chocolate Sea Salt Almond Butter","producer":"Maisie Jane's","photoPath":"https://goodeggs4.imgix.net/4ab16748-3946-4384-a0d8-f60bbc8464f7.jpg?w=380&h=238&fm=jpg&auto=compress&fit=crop","price":"15.99","pricePer":"$1.33 / oz","purchaseUnit":"12 oz"},{"mainCategory":"Pantry","categoryName":"Nut Butters & Fruit Spreads","subCategoryName":"Almond Butter","title":"Organic \"Creamy Alchemy\" Sprouted Almond Butter","producer":"The Philosopher's Stoneground","photoPath":"https://goodeggs4.imgix.net/00c03ec5-8640-4780-b683-f8ccc0ec62eb.jpg?w=380&h=238&fm=jpg&auto=compress&fit=crop","price":"26.99","pricePer":"$1.68 / oz","purchaseUnit":"16 oz"},{"mainCategory":"Pantry","categoryName":"Nut Butters & Fruit Spreads","subCategoryName":"Almond Butter","title":"Natural Crunchy Almond Butter","producer":"Once Again Nut Butter","photoPath":"https://goodeggs4.imgix.net/00a899dd-8dba-4a9d-ad23-df4909c063a4.jpg?w=380&h=238&fm=jpg&auto=compress&fit=crop","price":"13.99","pricePer":"$0.87 / oz","purchaseUnit":"16 oz"},{"mainCategory":"Pantry","categoryName":"Nut Butters & Fruit Spreads","subCategoryName":"Almond Butter","title":"Organic \"Naked Crunchy\" Sprouted Almond Butter","producer":"The Philosopher's Stoneground","photoPath":"https://goodeggs4.imgix.net/5399fb55-abe3-456f-82a2-4bd1e7780196.jpg?w=380&h=238&fm=jpg&auto=compress&fit=crop","price":"26.99","pricePer":"$1.68 / oz","purchaseUnit":"16 oz"},{"mainCategory":"Pantry","categoryName":"Nut Butters & Fruit Spreads","subCategoryName":"Almond Butter","title":"Organic \"Crunchy Alchemy\" Sprouted Almond Butter","producer":"The Philosopher's Stoneground","photoPath":"https://goodeggs4.imgix.net/43aa284b-ab22-40f4-a2a0-d74f0d0091a4.jpg?w=380&h=238&fm=jpg&auto=compress&fit=crop","price":"26.99","pricePer":"$1.68 / oz","purchaseUnit":"16 oz"},{"mainCategory":"Pantry","categoryName":"Nut Butters & Fruit Spreads","subCategoryName":"Fruit Spreads & Jams","title":"Organic Strawberry Spread","producer":"Crofter's Organic","photoPath":"https://goodeggs4.imgix.net/333e13ab-3eb7-4874-8b46-0bd125e1cbc9.jpg?w=380&h=238&fm=jpg&auto=compress&fit=crop","price":"5.39","pricePer":"$0.33 / oz","purchaseUnit":"16.5 oz"},{"mainCategory":"Pantry","categoryName":"Nut Butters & Fruit Spreads","subCategoryName":"Fruit Spreads & Jams","title":"Organic Strawberry Spread","producer":"Crofter's Organic","photoPath":"https://goodeggs4.imgix.net/4ad4cde1-76c3-4b8d-819d-56397d5189eb.jpg?w=380&h=238&fm=jpg&auto=compress&fit=crop","price":"3.69","pricePer":"$0.37 / oz","purchaseUnit":"10 oz"},{"mainCategory":"Pantry","categoryName":"Nut Butters & Fruit Spreads","subCategoryName":"Fruit Spreads & Jams","title":"Summer Strawberry Jam","producer":"Happy Girl Kitchen","photoPath":"https://goodeggs4.imgix.net/84fcd1c2-e7a3-4c05-a82e-0f73e99207c9.jpg?w=380&h=238&fm=jpg&auto=compress&fit=crop","price":"11.49","pricePer":"$1.43 / oz","purchaseUnit":"8 oz"},{"mainCategory":"Pantry","categoryName":"Nut Butters & Fruit Spreads","subCategoryName":"Fruit Spreads & Jams","title":"Organic Apricot Spread","producer":"Crofter's Organic","photoPath":"https://goodeggs4.imgix.net/99580f65-b7d8-4670-87a6-4ba3493ad96c.jpg?w=380&h=238&fm=jpg&auto=compress&fit=crop","price":"3.69","pricePer":"$0.37 / oz","purchaseUnit":"10 oz"},{"mainCategory":"Pantry","categoryName":"Nut Butters & Fruit Spreads","subCategoryName":"Fruit Spreads & Jams","title":"Rhubarb Jam","producer":"INNA","photoPath":"https://goodeggs4.imgix.net/88097bba-8e50-43fd-95a3-899107e4de27.jpg?w=380&h=238&fm=jpg&auto=compress&fit=crop","price":"14.99","pricePer":"$1.49 / oz","purchaseUnit":"10 oz"},{"mainCategory":"Pantry","categoryName":"Nut Butters & Fruit Spreads","subCategoryName":"Fruit Spreads & Jams","title":"Organic Raspberry Spread","producer":"Crofter's Organic","photoPath":"https://goodeggs4.imgix.net/e14773de-cf4d-4395-a164-97c505a8f78e.jpg?w=380&h=238&fm=jpg&auto=compress&fit=crop","price":"3.69","pricePer":"$0.37 / oz","purchaseUnit":"10 oz"},{"mainCategory":"Pantry","categoryName":"Nut Butters & Fruit Spreads","subCategoryName":"Fruit Spreads & Jams","title":"Organic Raspberry Spread","producer":"Crofter's Organic","photoPath":"https://goodeggs4.imgix.net/cbb93e10-ab22-4927-ba0f-b382d8122c9b.jpg?w=380&h=238&fm=jpg&auto=compress&fit=crop","price":"5.39","pricePer":"$0.33 / oz","purchaseUnit":"16.5 oz"},{"mainCategory":"Pantry","categoryName":"Nut Butters & Fruit Spreads","subCategoryName":"Fruit Spreads & Jams","title":"Organic Berry Spread","producer":"Crofter's Organic","photoPath":"https://goodeggs4.imgix.net/31d64c01-3819-4e60-a7fc-187791303d07.jpg?w=380&h=238&fm=jpg&auto=compress&fit=crop","price":"5.39","pricePer":"$0.33 / oz","purchaseUnit":"16.5 oz"},{"mainCategory":"Pantry","categoryName":"Nut Butters & Fruit Spreads","subCategoryName":"Fruit Spreads & Jams","title":"Organic Seedless Blackberry Spread","producer":"Crofter's Organic","photoPath":"https://goodeggs4.imgix.net/8ee942dd-e418-4b24-9d76-d5dccf585233.jpg?w=380&h=238&fm=jpg&auto=compress&fit=crop","price":"5.39","pricePer":"$0.33 / oz","purchaseUnit":"16.5 oz"},{"mainCategory":"Pantry","categoryName":"Nut Butters & Fruit Spreads","subCategoryName":"Fruit Spreads & Jams","title":"Organic Blackberry Spread","producer":"Crofter's Organic","photoPath":"https://goodeggs4.imgix.net/00ea91fc-5af9-4359-bf95-6383980bbce8.jpg?w=380&h=238&fm=jpg&auto=compress&fit=crop","price":"3.69","pricePer":"$0.37 / oz","purchaseUnit":"10 oz"},{"mainCategory":"Pantry","categoryName":"Nut Butters & Fruit Spreads","subCategoryName":"Fruit Spreads & Jams","title":"Black Mission Fig Jam","producer":"INNA","photoPath":"https://goodeggs4.imgix.net/9291bc3d-f3d6-4afd-b87b-e3a0778ee084.jpg?w=380&h=238&fm=jpg&auto=compress&fit=crop","price":"14.99","pricePer":"$1.49 / oz","purchaseUnit":"10 oz"},{"mainCategory":"Pantry","categoryName":"Nut Butters & Fruit Spreads","subCategoryName":"Fruit Spreads & Jams","title":"Kaya Coconut Jam","producer":"Hey Boo","photoPath":"https://goodeggs4.imgix.net/4c4db448-4c6f-41ea-a540-5ca8b7621ec6.jpg?w=380&h=238&fm=jpg&auto=compress&fit=crop","price":"8.99","pricePer":"$0.89 / oz","purchaseUnit":"10 oz"},{"mainCategory":"Pantry","categoryName":"Nut Butters & Fruit Spreads","subCategoryName":"Fruit Spreads & Jams","title":"Quince Jam","producer":"INNA","photoPath":"https://goodeggs4.imgix.net/6b91f838-091d-48e0-a76d-25301b9b50cb.jpg?w=380&h=238&fm=jpg&auto=compress&fit=crop","price":"14.99","pricePer":"$1.49 / oz","purchaseUnit":"10 oz"},{"mainCategory":"Pantry","categoryName":"Nut Butters & Fruit Spreads","subCategoryName":"Fruit Spreads & Jams","title":"Kaya Mango Coconut Jam","producer":"Hey Boo","photoPath":"https://goodeggs4.imgix.net/db360bb4-c07b-4502-b247-c771364f0c58.jpg?w=380&h=238&fm=jpg&auto=compress&fit=crop","price":"8.99","pricePer":"$0.89 / oz","purchaseUnit":"10 oz"},{"mainCategory":"Pantry","categoryName":"Nut Butters & Fruit Spreads","subCategoryName":"Fruit Spreads & Jams","title":"Meyer Lemon Jam","producer":"INNA","photoPath":"https://goodeggs4.imgix.net/a4a70925-598a-4167-b27e-0d50ef201e39.jpg?w=380&h=238&fm=jpg&auto=compress&fit=crop","price":"14.99","pricePer":"$1.49 / oz","purchaseUnit":"10 oz"},{"mainCategory":"Pantry","categoryName":"Nut Butters & Fruit Spreads","subCategoryName":"Fruit Spreads & Jams","title":"Lemon Coconut Jam","producer":"Hey Boo","photoPath":"https://goodeggs4.imgix.net/2262623d-9d90-4414-82c2-234a22eda313.jpg?w=380&h=238&fm=jpg&auto=compress&fit=crop","price":"8.99","pricePer":"$0.89 / oz","purchaseUnit":"10 oz"},{"mainCategory":"Pantry","categoryName":"Nut Butters & Fruit Spreads","subCategoryName":"Fruit Spreads & Jams","title":"Ume Plum Jam","producer":"Yumé Boshi","photoPath":"https://goodeggs4.imgix.net/3277aec7-936d-4038-b275-69031694fb3a.jpg?w=380&h=238&fm=jpg&auto=compress&fit=crop","price":"15.99","pricePer":"$3.19 / oz","purchaseUnit":"5 oz"},{"mainCategory":"Pantry","categoryName":"Nut Butters & Fruit Spreads","subCategoryName":"Fruit Spreads & Jams","title":"Big Sur Marmalade","producer":"Happy Girl Kitchen","photoPath":"https://goodeggs4.imgix.net/bbb8d3fe-e5a5-44f3-b949-1da0fac8cce0.jpg?w=380&h=238&fm=jpg&auto=compress&fit=crop","price":"11.69","pricePer":"$1.46 / oz","purchaseUnit":"8 oz"},{"mainCategory":"Pantry","categoryName":"Nut Butters & Fruit Spreads","subCategoryName":"Fruit Spreads & Jams","title":"Meyer Lemon Marmalade","producer":"Happy Girl Kitchen","photoPath":"https://goodeggs4.imgix.net/e5c68663-44bc-4223-9428-23ad9d6811bf.jpg?w=380&h=238&fm=jpg&auto=compress&fit=crop","price":"11.69","pricePer":"$1.46 / oz","purchaseUnit":"8 oz"},{"mainCategory":"Pantry","categoryName":"Nut Butters & Fruit Spreads","subCategoryName":"Fruit Spreads & Jams","title":"Quince Jam","producer":"Happy Girl Kitchen","photoPath":"https://goodeggs4.imgix.net/391cc553-56a4-49d7-8475-dfd55d5828c2.jpeg?w=380&h=238&fm=jpg&auto=compress&fit=crop","price":"11.69","pricePer":"$1.46 / oz","purchaseUnit":"8 oz"},{"mainCategory":"Pantry","categoryName":"Nut Butters & Fruit Spreads","subCategoryName":"Alternative Nut Butters","title":"Organic Classic Chocolate Hazelnut Spread","producer":"Nutiva","photoPath":"https://goodeggs4.imgix.net/cbad702c-c44b-4af1-8e89-5b441d3e8e6d.jpg?w=380&h=238&fm=jpg&auto=compress&fit=crop","price":"7.39","pricePer":"$0.56 / oz","purchaseUnit":"13 oz"},{"mainCategory":"Pantry","categoryName":"Nut Butters & Fruit Spreads","subCategoryName":"Alternative Nut Butters","title":"Pistachio Butter","producer":"Fiddyment Farms","photoPath":"https://goodeggs4.imgix.net/be08db7f-60b3-46ca-83a5-b708a73669df.jpg?w=380&h=238&fm=jpg&auto=compress&fit=crop","price":"11.99","pricePer":"$1.49 / oz","purchaseUnit":"8 oz"},{"mainCategory":"Pantry","categoryName":"Nut Butters & Fruit Spreads","subCategoryName":"Alternative Nut Butters","title":"Organic Dark Chocolate Hazelnut Spread","producer":"Nutiva","photoPath":"https://goodeggs4.imgix.net/32fe5078-4ff4-430d-9bfa-cdda404a314c.jpg?w=380&h=238&fm=jpg&auto=compress&fit=crop","price":"7.39","pricePer":"$0.56 / oz","purchaseUnit":"13 oz"},{"mainCategory":"Pantry","categoryName":"Nut Butters & Fruit Spreads","subCategoryName":"Alternative Nut Butters","title":"Organic Creamy Cashew Butter","producer":"Maisie Jane's","photoPath":"https://goodeggs4.imgix.net/fac58135-3cee-486c-bf55-041ed5f34192.jpg?w=380&h=238&fm=jpg&auto=compress&fit=crop","price":"14.99","pricePer":"$1.24 / oz","purchaseUnit":"12 oz"},{"mainCategory":"Pantry","categoryName":"Nut Butters & Fruit Spreads","subCategoryName":"Alternative Nut Butters","title":"Creamy Cashew Butter","producer":"Maisie Jane's","photoPath":"https://goodeggs4.imgix.net/d0f561fc-0370-468c-8cc6-306f73643c17.jpg?w=380&h=238&fm=jpg&auto=compress&fit=crop","price":"11.99","pricePer":"$0.99 / oz","purchaseUnit":"12 oz"},{"mainCategory":"Pantry","categoryName":"Nut Butters & Fruit Spreads","subCategoryName":"Alternative Nut Butters","title":"Organic Just Walnut Butter","producer":"Old Dog Ranch","photoPath":"https://goodeggs4.imgix.net/1d70f264-3dc1-4c77-866e-0393d54be777.jpg?w=380&h=238&fm=jpg&auto=compress&fit=crop","price":"13.99","pricePer":"$1.74 / oz","purchaseUnit":"8 oz"},{"mainCategory":"Pantry","categoryName":"Nut Butters & Fruit Spreads","subCategoryName":"Alternative Nut Butters","title":"Local Honey & Sea Salt Walnut Butter","producer":"Old Dog Ranch","photoPath":"https://goodeggs4.imgix.net/027064f2-a059-455a-8dfc-f26545ecb44d.jpg?w=380&h=238&fm=jpg&auto=compress&fit=crop","price":"13.99","pricePer":"$1.74 / oz","purchaseUnit":"8 oz"},{"mainCategory":"Pantry","categoryName":"Nut Butters & Fruit Spreads","subCategoryName":"Alternative Nut Butters","title":"Organic Chocolate Walnut Butter","producer":"Old Dog Ranch","photoPath":"https://goodeggs4.imgix.net/4dec20aa-8f02-4d97-8a18-870eab4de1c7.jpg?w=380&h=238&fm=jpg&auto=compress&fit=crop","price":"13.99","pricePer":"$1.74 / oz","purchaseUnit":"8 oz"},{"mainCategory":"Pantry","categoryName":"Pasta & Sauce","subCategoryName":"Ravioli & Tortellini","title":"Three Cheese Ravioli","producer":"The Pasta Shop","photoPath":"https://goodeggs4.imgix.net/5da7d56c-5a6e-41ff-a2e8-ba0ba2a96800.jpg?w=380&h=238&fm=jpg&auto=compress&fit=crop","price":"8.99","pricePer":"$11.98 / lb","purchaseUnit":"12 oz"},{"mainCategory":"Pantry","categoryName":"Pasta & Sauce","subCategoryName":"Ravioli & Tortellini","title":"Porcini & Black Truffle Ravioli","producer":"The Pasta Shop","photoPath":"https://goodeggs4.imgix.net/def453a2-65d0-4458-a0ac-d752bdf35fd7.jpg?w=380&h=238&fm=jpg&auto=compress&fit=crop","price":"10.49","pricePer":"$13.98 / lb","purchaseUnit":"12 oz"},{"mainCategory":"Pantry","categoryName":"Pasta & Sauce","subCategoryName":"Ravioli & Tortellini","title":"Tri-Color Cheese Tortellini","producer":"The Pasta Shop","photoPath":"https://goodeggs4.imgix.net/0861caea-9b7f-48db-a021-02eba0d67a8d.jpg?w=380&h=238&fm=jpg&auto=compress&fit=crop","price":"8.39","pricePer":"$11.18 / lb","purchaseUnit":"12 oz"},{"mainCategory":"Pantry","categoryName":"Pasta & Sauce","subCategoryName":"Ravioli & Tortellini","title":"Cheese Tortelloni","producer":"The Pasta Shop","photoPath":"https://goodeggs4.imgix.net/83f5e7d4-b1d5-41ff-966d-4a1a6a9f6220.jpg?w=380&h=238&fm=jpg&auto=compress&fit=crop","price":"7.99","pricePer":"$10.65 / lb","purchaseUnit":"12 oz"},{"mainCategory":"Pantry","categoryName":"Pasta & Sauce","subCategoryName":"Ravioli & Tortellini","title":"Fresh Sweet Pea & Mint Ravioli","producer":"The Pasta Shop","photoPath":"https://goodeggs4.imgix.net/ec6c6d9c-a870-4cf5-8b30-726979c5716f.jpg?w=380&h=238&fm=jpg&auto=compress&fit=crop","price":"10.99","pricePer":"$14.65 / lb","purchaseUnit":"12 oz"},{"mainCategory":"Pantry","categoryName":"Pasta & Sauce","subCategoryName":"Ravioli & Tortellini","title":"Sweet Onion & Red Chard Ravioli","producer":"The Pasta Shop","photoPath":"https://goodeggs4.imgix.net/d5d84ee5-7dc3-44a1-91c2-39861d77dcbd.jpg?w=380&h=238&fm=jpg&auto=compress&fit=crop","price":"8.99","pricePer":"$11.98 / lb","purchaseUnit":"12 oz"},{"mainCategory":"Pantry","categoryName":"Pasta & Sauce","subCategoryName":"Ravioli & Tortellini","title":"Wild Mushroom Tortelloni","producer":"The Pasta Shop","photoPath":"https://goodeggs4.imgix.net/2db254ff-90f6-45da-92bd-3ee427f582c3.jpg?w=380&h=238&fm=jpg&auto=compress&fit=crop","price":"8.99","pricePer":"$11.98 / lb","purchaseUnit":"12 oz"},{"mainCategory":"Pantry","categoryName":"Pasta & Sauce","subCategoryName":"Ravioli & Tortellini","title":"Organic Spinach & Cheese Ravioli","producer":"Rising Moon","photoPath":"https://goodeggs4.imgix.net/5be4fb4e-8dba-4cf7-a60b-32b8476af99d.jpg?w=380&h=238&fm=jpg&auto=compress&fit=crop","price":"5.69","pricePer":"$11.38 / lb","purchaseUnit":"8 oz"},{"mainCategory":"Pantry","categoryName":"Pasta & Sauce","subCategoryName":"Ravioli & Tortellini","title":"Vegan Mushroom & Caramelized Onion Ravioli","producer":"The Pasta Shop","photoPath":"https://goodeggs4.imgix.net/ffddf3ca-74d9-4ea2-8928-1ab265cc8548.jpg?w=380&h=238&fm=jpg&auto=compress&fit=crop","price":"9.99","pricePer":"$13.32 / lb","purchaseUnit":"12 oz"},{"mainCategory":"Pantry","categoryName":"Pasta & Sauce","subCategoryName":"Ravioli & Tortellini","title":"Organic Cheese Tortelloni","producer":"Rising Moon","photoPath":"https://goodeggs4.imgix.net/9a101f31-c9e7-4358-b53e-13be5dfa8453.jpg?w=380&h=238&fm=jpg&auto=compress&fit=crop","price":"5.69","pricePer":"$11.38 / lb","purchaseUnit":"8 oz"},{"mainCategory":"Pantry","categoryName":"Pasta & Sauce","subCategoryName":"Ravioli & Tortellini","title":"Dairy-Free Ricotta Tortellini","producer":"Kite Hill","photoPath":"https://goodeggs4.imgix.net/a53e9b44-af72-401d-8f82-19c62c64699a.jpg?w=380&h=238&fm=jpg&auto=compress&fit=crop","price":"7.69","pricePer":"$0.85 / oz","purchaseUnit":"9 oz"},{"mainCategory":"Pantry","categoryName":"Pasta & Sauce","subCategoryName":"Ravioli & Tortellini","title":"Dairy-Free Spinach Ravioli","producer":"Kite Hill","photoPath":"https://goodeggs4.imgix.net/6ed21f3f-d8e6-461c-bf41-e387f2776e57.jpg?w=380&h=238&fm=jpg&auto=compress&fit=crop","price":"6.99","pricePer":"$0.77 / oz","purchaseUnit":"9 oz"},{"mainCategory":"Pantry","categoryName":"Pasta & Sauce","subCategoryName":"Ravioli & Tortellini","title":"Dairy-Free Mushroom Ravioli","producer":"Kite Hill","photoPath":"https://goodeggs4.imgix.net/3375bb02-5526-4b76-aadc-b8b687f9d399.jpg?w=380&h=238&fm=jpg&auto=compress&fit=crop","price":"6.99","pricePer":"$0.77 / oz","purchaseUnit":"9 oz"},{"mainCategory":"Pantry","categoryName":"Pasta & Sauce","subCategoryName":"Ravioli & Tortellini","title":"Dairy-Free Tortelloni","producer":"The Pasta Shop","photoPath":"https://goodeggs4.imgix.net/cedba30d-f8f7-4d27-bac6-47f8ea196acc.jpg?w=380&h=238&fm=jpg&auto=compress&fit=crop","price":"8.99","pricePer":"$11.98 / lb","purchaseUnit":"12 oz"},{"mainCategory":"Pantry","categoryName":"Pasta & Sauce","subCategoryName":"Pasta Sauce","title":"Organic Marinara Sauce","producer":"Bianco Di Napoli ","photoPath":"https://goodeggs4.imgix.net/f02a2668-73a1-4fe3-a872-9e1a7c95acb5.jpg?w=380&h=238&fm=jpg&auto=compress&fit=crop","price":"5.99","pricePer":"$0.25 / oz","purchaseUnit":"24 oz"},{"mainCategory":"Pantry","categoryName":"Pasta & Sauce","subCategoryName":"Pasta Sauce","title":"Organic Pizza Sauce","producer":"Sonoma Gourmet","photoPath":"https://goodeggs4.imgix.net/6ecd358f-df61-46c8-a05c-2127ef00953e.jpg?w=380&h=238&fm=jpg&auto=compress&fit=crop","price":"3.99","pricePer":"$0.33 / oz","purchaseUnit":"12 oz"},{"mainCategory":"Pantry","categoryName":"Pasta & Sauce","subCategoryName":"Pasta Sauce","title":"Marinara Sauce","producer":"The Pasta Shop","photoPath":"https://goodeggs4.imgix.net/d4ecf7d5-81a6-47e3-b8fe-d1e293b784e1.jpg?w=380&h=238&fm=jpg&auto=compress&fit=crop","price":"6.39","pricePer":"$0.40 / oz","purchaseUnit":"16 oz"},{"mainCategory":"Pantry","categoryName":"Pasta & Sauce","subCategoryName":"Pasta Sauce","title":"Organic Tomato Basil Pasta Sauce","producer":"Muir Glen Organic","photoPath":"https://goodeggs4.imgix.net/0ecd1b42-6e9f-4756-a372-467fae63f79c.jpg?w=380&h=238&fm=jpg&auto=compress&fit=crop","price":"3.99","pricePer":"$0.16 / oz","purchaseUnit":"25.5 oz"},{"mainCategory":"Pantry","categoryName":"Pasta & Sauce","subCategoryName":"Pasta Sauce","title":"Roasted Tomato Arrabbiata Sauce","producer":"The Pasta Shop","photoPath":"https://goodeggs4.imgix.net/4e88b3b8-2c60-4436-8811-aaa49f5cce1d.jpg?w=380&h=238&fm=jpg&auto=compress&fit=crop","price":"6.99","pricePer":"$0.44 / oz","purchaseUnit":"16 oz"},{"mainCategory":"Pantry","categoryName":"Pasta & Sauce","subCategoryName":"Pasta Sauce","title":"Organic Italian Herb Pasta Sauce","producer":"Muir Glen Organic","photoPath":"https://goodeggs4.imgix.net/47836636-24a9-478e-a370-413284113eeb.jpg?w=380&h=238&fm=jpg&auto=compress&fit=crop","price":"3.99","pricePer":"$0.16 / oz","purchaseUnit":"25.5 oz"},{"mainCategory":"Pantry","categoryName":"Pasta & Sauce","subCategoryName":"Pasta Sauce","title":"Organic Cherry Tomato & Basil Sauce","producer":"Sonoma Gourmet","photoPath":"https://goodeggs4.imgix.net/3553c053-de7e-45c2-88e8-868e70832b9b.jpg?w=380&h=238&fm=jpg&auto=compress&fit=crop","price":"9.99","pricePer":"$0.40 / oz","purchaseUnit":"25 oz"},{"mainCategory":"Pantry","categoryName":"Pasta & Sauce","subCategoryName":"Pasta Sauce","title":"Organic Roasted Vegetable Pasta Sauce","producer":"Sonoma Gourmet","photoPath":"https://goodeggs4.imgix.net/26d9b2e2-382c-4a19-a46e-a010621a89ca.jpg?w=380&h=238&fm=jpg&auto=compress&fit=crop","price":"9.99","pricePer":"$0.40 / oz","purchaseUnit":"25 oz"},{"mainCategory":"Pantry","categoryName":"Pasta & Sauce","subCategoryName":"Pasta Sauce","title":"Organic Vodka & Cream Tomato Sauce","producer":"Sonoma Gourmet","photoPath":"https://goodeggs4.imgix.net/3d29d115-9716-4a64-bc58-1ccee46900ab.jpg?w=380&h=238&fm=jpg&auto=compress&fit=crop","price":"9.99","pricePer":"$0.40 / oz","purchaseUnit":"25 oz"},{"mainCategory":"Pantry","categoryName":"Pasta & Sauce","subCategoryName":"Pasta Sauce","title":"Organic Roasted Garlic Pasta Sauce","producer":"Muir Glen Organic","photoPath":"https://goodeggs4.imgix.net/94b31277-dd4f-43c3-bc9c-7c1d54a34fcb.jpg?w=380&h=238&fm=jpg&auto=compress&fit=crop","price":"3.99","pricePer":"$0.16 / oz","purchaseUnit":"25.5 oz"},{"mainCategory":"Pantry","categoryName":"Pasta & Sauce","subCategoryName":"Pasta Sauce","title":"Basil Pesto","producer":"Bolani","photoPath":"https://goodeggs4.imgix.net/9e01bbce-9a40-4101-9ccc-a4a4976f821f.jpg?w=380&h=238&fm=jpg&auto=compress&fit=crop","price":"6.99","pricePer":"$0.87 / oz","purchaseUnit":"8 oz"},{"mainCategory":"Pantry","categoryName":"Pasta & Sauce","subCategoryName":"Pasta Sauce","title":"Arugula Parsley Pesto Sauce","producer":"The Pasta Shop","photoPath":"https://goodeggs4.imgix.net/6bf9ee13-4923-4e58-b014-23f10ec3f962.jpg?w=380&h=238&fm=jpg&auto=compress&fit=crop","price":"6.99","pricePer":"$0.87 / oz","purchaseUnit":"8 oz"},{"mainCategory":"Pantry","categoryName":"Pasta & Sauce","subCategoryName":"Pasta Sauce","title":"Sun-Dried Tomato Pesto","producer":"Bolani","photoPath":"https://goodeggs4.imgix.net/4b7d3f7d-7336-46b8-ba85-215bf1b67a7b.jpg?w=380&h=238&fm=jpg&auto=compress&fit=crop","price":"6.99","pricePer":"$0.87 / oz","purchaseUnit":"8 oz"},{"mainCategory":"Pantry","categoryName":"Pasta & Sauce","subCategoryName":"Pasta Sauce","title":"Cilantro Pesto","producer":"Bolani","photoPath":"https://goodeggs4.imgix.net/fcfc151d-5891-4a15-99a9-0bdb194090f9.jpg?w=380&h=238&fm=jpg&auto=compress&fit=crop","price":"6.99","pricePer":"$0.87 / oz","purchaseUnit":"8 oz"},{"mainCategory":"Pantry","categoryName":"Pasta & Sauce","subCategoryName":"Pasta Sauce","title":"Kale Pesto","producer":"Do Anything Foods","photoPath":"https://goodeggs4.imgix.net/6783e91b-ad1c-4442-a4dc-34ed678bef0f.jpg?w=380&h=238&fm=jpg&auto=compress&fit=crop","price":"9.99","pricePer":"$0.64 / oz","purchaseUnit":"15.6 oz"},{"mainCategory":"Pantry","categoryName":"Pasta & Sauce","subCategoryName":"Pasta Sauce","title":"Kale Pesto with White Cheddar","producer":"Sonoma Gourmet","photoPath":"https://goodeggs4.imgix.net/d4c5e65a-6a0d-4bcf-a15c-379725fb0d72.jpg?w=380&h=238&fm=jpg&auto=compress&fit=crop","price":"9.99","pricePer":"$0.40 / oz","purchaseUnit":"25 oz"},{"mainCategory":"Pantry","categoryName":"Pasta & Sauce","subCategoryName":"Pasta Sauce","title":"Alfredo Sauce","producer":"The Pasta Shop","photoPath":"https://goodeggs4.imgix.net/1cd350db-aaed-4634-b9d3-114cdfbb253e.jpg?w=380&h=238&fm=jpg&auto=compress&fit=crop","price":"6.49","pricePer":"$0.81 / oz","purchaseUnit":"8 oz"},{"mainCategory":"Pantry","categoryName":"Pasta & Sauce","subCategoryName":"Pasta Sauce","title":"Cheese Sauce","producer":"Healthy Food Inc. Kitchen","photoPath":"https://goodeggs4.imgix.net/4042988d-fb7e-4882-bca4-c206999753bb.jpg?w=380&h=238&fm=jpg&auto=compress&fit=crop","price":"6.99","pricePer":"$0.44 / oz","purchaseUnit":"16 oz"},{"mainCategory":"Pantry","categoryName":"Pasta & Sauce","subCategoryName":"Pasta Sauce","title":"Organic Butternut Squash Pasta Sauce","producer":"Sonoma Gourmet","photoPath":"https://goodeggs4.imgix.net/70b8ecab-1f64-48f6-b5ce-ad934f5cd241.jpg?w=380&h=238&fm=jpg&auto=compress&fit=crop","price":"9.99","pricePer":"$0.40 / oz","purchaseUnit":"25 oz"},{"mainCategory":"Pantry","categoryName":"Pasta & Sauce","subCategoryName":"Pasta Sauce","title":"Cauliflower Alfredo","producer":"Do Anything Foods","photoPath":"https://goodeggs4.imgix.net/b3e258da-c8f3-47ee-9ecc-4e39df2e6229.jpg?w=380&h=238&fm=jpg&auto=compress&fit=crop","price":"9.99","pricePer":"$0.64 / oz","purchaseUnit":"15.6 oz"},{"mainCategory":"Pantry","categoryName":"Pasta & Sauce","subCategoryName":"Dry Pasta","title":"Fusilli Pasta","producer":"Rummo Pasta","photoPath":"https://goodeggs4.imgix.net/460f710a-1fcf-4654-a128-f4cd49d91d52.jpg?w=380&h=238&fm=jpg&auto=compress&fit=crop","price":"2.99","pricePer":"$2.99 / lb","purchaseUnit":"16 oz"},{"mainCategory":"Pantry","categoryName":"Pasta & Sauce","subCategoryName":"Dry Pasta","title":"Rigatoni Pasta","producer":"Rummo Pasta","photoPath":"https://goodeggs4.imgix.net/ad4aae63-3b49-446b-a36b-25255aee6a23.jpg?w=380&h=238&fm=jpg&auto=compress&fit=crop","price":"2.99","pricePer":"$2.99 / lb","purchaseUnit":"16 oz"},{"mainCategory":"Pantry","categoryName":"Pasta & Sauce","subCategoryName":"Dry Pasta","title":"Penne Rigate Pasta","producer":"Rummo Pasta","photoPath":"https://goodeggs4.imgix.net/4ba6b617-c64d-4bba-9e48-47e0395ea7b2.jpg?w=380&h=238&fm=jpg&auto=compress&fit=crop","price":"2.99","pricePer":"$2.99 / lb","purchaseUnit":"16 oz"},{"mainCategory":"Pantry","categoryName":"Pasta & Sauce","subCategoryName":"Dry Pasta","title":"Orecchiette Pasta","producer":"Rummo Pasta","photoPath":"https://goodeggs4.imgix.net/c5c85961-4b5d-459d-932b-ce0196bb51ad.jpg?w=380&h=238&fm=jpg&auto=compress&fit=crop","price":"2.99","pricePer":"$2.99 / lb","purchaseUnit":"16 oz"},{"mainCategory":"Pantry","categoryName":"Pasta & Sauce","subCategoryName":"Dry Pasta","title":"Farfalle Pasta","producer":"Rummo Pasta","photoPath":"https://goodeggs4.imgix.net/c2a312c6-49d6-47a8-82c7-171a5ebb729e.jpg?w=380&h=238&fm=jpg&auto=compress&fit=crop","price":"2.99","pricePer":"$2.99 / lb","purchaseUnit":"16 oz"},{"mainCategory":"Pantry","categoryName":"Pasta & Sauce","subCategoryName":"Dry Pasta","title":"Semi Di Orzo Pasta","producer":"Rummo Pasta","photoPath":"https://goodeggs4.imgix.net/c713e299-86d4-4cd3-81db-7cbc1cf8e400.jpg?w=380&h=238&fm=jpg&auto=compress&fit=crop","price":"2.99","pricePer":"$2.99 / lb","purchaseUnit":"16 oz"},{"mainCategory":"Pantry","categoryName":"Pasta & Sauce","subCategoryName":"Dry Pasta","title":"Elbow Macaroni Pasta","producer":"Rummo Pasta","photoPath":"https://goodeggs4.imgix.net/de74139e-67cb-4501-aafa-1d2bec26686a.jpg?w=380&h=238&fm=jpg&auto=compress&fit=crop","price":"2.99","pricePer":"$2.99 / lb","purchaseUnit":"16 oz"},{"mainCategory":"Pantry","categoryName":"Pasta & Sauce","subCategoryName":"Dry Pasta","title":"Organic Whole Grain Fusilli Pasta","producer":"Community Grains","photoPath":"https://goodeggs4.imgix.net/4dbce8b8-382e-450d-aa6b-e3be27087245.jpg?w=380&h=238&fm=jpg&auto=compress&fit=crop","price":"6.99","pricePer":"$11.18 / lb","purchaseUnit":"10 oz"},{"mainCategory":"Pantry","categoryName":"Pasta & Sauce","subCategoryName":"Dry Pasta","title":"Organic Whole Wheat Penne","producer":"Bionaturæ","photoPath":"https://goodeggs4.imgix.net/2bcb6362-a0ce-4ca5-b4eb-a6da790c5495.jpg?w=380&h=238&fm=jpg&auto=compress&fit=crop","price":"3.99","pricePer":"$3.99 / lb","purchaseUnit":"16 oz"},{"mainCategory":"Pantry","categoryName":"Pasta & Sauce","subCategoryName":"Dry Pasta","title":"Organic Whole Grain Pipe Rigate Pasta","producer":"Community Grains","photoPath":"https://goodeggs4.imgix.net/33f92e67-3f9b-4ba6-b119-eb65fb443ddf.jpg?w=380&h=238&fm=jpg&auto=compress&fit=crop","price":"6.99","pricePer":"$11.18 / lb","purchaseUnit":"10 oz"},{"mainCategory":"Pantry","categoryName":"Pasta & Sauce","subCategoryName":"Dry Pasta","title":"Organic Fusilli","producer":"Semolina Artisanal Pasta","photoPath":"https://goodeggs4.imgix.net/f935d588-f9d2-47c1-8a68-9091c1d16048.jpg?w=380&h=238&fm=jpg&auto=compress&fit=crop","price":"7.99","pricePer":"$7.99 / lb","purchaseUnit":"16 oz"},{"mainCategory":"Pantry","categoryName":"Pasta & Sauce","subCategoryName":"Dry Pasta","title":"Organic Penne","producer":"Semolina Artisanal Pasta","photoPath":"https://goodeggs4.imgix.net/4d5c1f9c-503e-40fa-b22e-8bbc6c00cd8e.jpg?w=380&h=238&fm=jpg&auto=compress&fit=crop","price":"7.99","pricePer":"$7.99 / lb","purchaseUnit":"16 oz"},{"mainCategory":"Pantry","categoryName":"Pasta & Sauce","subCategoryName":"Dry Pasta","title":"Organic Whole Grain Torchiette Pasta","producer":"Community Grains","photoPath":"https://goodeggs4.imgix.net/0cf1505b-a541-4ee3-b242-9c37bf398993.jpg?w=380&h=238&fm=jpg&auto=compress&fit=crop","price":"6.99","pricePer":"$11.18 / lb","purchaseUnit":"10 oz"},{"mainCategory":"Pantry","categoryName":"Pasta & Sauce","subCategoryName":"Dry Pasta","title":"Organic Conchiglie","producer":"Semolina Artisanal Pasta","photoPath":"https://goodeggs4.imgix.net/0eba983f-adac-4d7b-aaa4-db4b568ecda3.jpg?w=380&h=238&fm=jpg&auto=compress&fit=crop","price":"7.99","pricePer":"$7.99 / lb","purchaseUnit":"16 oz"},{"mainCategory":"Pantry","categoryName":"Pasta & Sauce","subCategoryName":"Dry Pasta","title":"Organic Rigatoni","producer":"Semolina Artisanal Pasta","photoPath":"https://goodeggs4.imgix.net/8bd66d7b-d3b4-4574-8ffd-43baf99f9d0d.jpg?w=380&h=238&fm=jpg&auto=compress&fit=crop","price":"7.99","pricePer":"$7.99 / lb","purchaseUnit":"16 oz"},{"mainCategory":"Pantry","categoryName":"Pasta & Sauce","subCategoryName":"Dry Pasta","title":"Spaghetti Pasta","producer":"Rummo Pasta","photoPath":"https://goodeggs4.imgix.net/9fede565-095f-4ac3-b9e0-870a2398a47d.jpg?w=380&h=238&fm=jpg&auto=compress&fit=crop","price":"2.99","pricePer":"$2.99 / lb","purchaseUnit":"16 oz"},{"mainCategory":"Pantry","categoryName":"Pasta & Sauce","subCategoryName":"Dry Pasta","title":"Linguine Pasta","producer":"Rummo Pasta","photoPath":"https://goodeggs4.imgix.net/a55a35c1-5e0a-4135-9c76-489b932f91b6.jpg?w=380&h=238&fm=jpg&auto=compress&fit=crop","price":"2.99","pricePer":"$2.99 / lb","purchaseUnit":"16 oz"},{"mainCategory":"Pantry","categoryName":"Pasta & Sauce","subCategoryName":"Dry Pasta","title":"Angel Hair Pasta","producer":"Rummo Pasta","photoPath":"https://goodeggs4.imgix.net/a772378e-4014-4415-96c2-a1cdd7f655c5.jpg?w=380&h=238&fm=jpg&auto=compress&fit=crop","price":"2.99","pricePer":"$2.99 / lb","purchaseUnit":"16 oz"},{"mainCategory":"Pantry","categoryName":"Pasta & Sauce","subCategoryName":"Dry Pasta","title":"Organic Whole Wheat Spaghetti","producer":"Bionaturæ","photoPath":"https://goodeggs4.imgix.net/19f19451-0dd0-41ca-a4e7-ca208c3a70b8.jpg?w=380&h=238&fm=jpg&auto=compress&fit=crop","price":"3.99","pricePer":"$3.99 / lb","purchaseUnit":"16 oz"},{"mainCategory":"Pantry","categoryName":"Pasta & Sauce","subCategoryName":"Dry Pasta","title":"Organic Spaghetti","producer":"Felicetti Pasta","photoPath":"https://goodeggs4.imgix.net/c29c6fdb-69db-43c2-9823-c091fac34638.jpg?w=380&h=238&fm=jpg&auto=compress&fit=crop","price":"3.49","pricePer":"$3.49 / lb","purchaseUnit":"16 oz"},{"mainCategory":"Pantry","categoryName":"Pasta & Sauce","subCategoryName":"Dry Pasta","title":"Organic Traditional Egg Pappardelle","producer":"Bionaturæ","photoPath":"https://goodeggs4.imgix.net/1534f801-dc44-40b9-a1a2-26abfb48cea9.jpg?w=380&h=238&fm=jpg&auto=compress&fit=crop","price":"4.99","pricePer":"$9.07 / lb","purchaseUnit":"8.8 oz"},{"mainCategory":"Pantry","categoryName":"Pasta & Sauce","subCategoryName":"Dry Pasta","title":"Fettuccine Pasta","producer":"Rummo Pasta","photoPath":"https://goodeggs4.imgix.net/2304e4a3-d954-4840-b6a2-8cca944f7bd4.jpg?w=380&h=238&fm=jpg&auto=compress&fit=crop","price":"2.99","pricePer":"$2.99 / lb","purchaseUnit":"16 oz"},{"mainCategory":"Pantry","categoryName":"Pasta & Sauce","subCategoryName":"Dry Pasta","title":"Organic Traditional Egg Tagliatelle","producer":"Bionaturæ","photoPath":"https://goodeggs4.imgix.net/949e2557-47ff-42dd-abd9-8b6f86cdf87f.jpg?w=380&h=238&fm=jpg&auto=compress&fit=crop","price":"4.99","pricePer":"$9.07 / lb","purchaseUnit":"8.8 oz"},{"mainCategory":"Pantry","categoryName":"Pasta & Sauce","subCategoryName":"Dry Pasta","title":"Organic Cavatappi","producer":"Felicetti Pasta","photoPath":"https://goodeggs4.imgix.net/6b7f0a31-1d69-42d0-9850-627b7644d552.jpg?w=380&h=238&fm=jpg&auto=compress&fit=crop","price":"3.49","pricePer":"$3.49 / lb","purchaseUnit":"16 oz"},{"mainCategory":"Pantry","categoryName":"Pasta & Sauce","subCategoryName":"Dry Pasta","title":"Organic Penne Rigate","producer":"Felicetti Pasta","photoPath":"https://goodeggs4.imgix.net/c2b6c09b-757e-46d9-ab07-5d9469ff2b4c.jpg?w=380&h=238&fm=jpg&auto=compress&fit=crop","price":"3.49","pricePer":"$3.49 / lb","purchaseUnit":"16 oz"},{"mainCategory":"Pantry","categoryName":"Pasta & Sauce","subCategoryName":"Dry Pasta","title":"Organic Farfalle","producer":"Felicetti Pasta","photoPath":"https://goodeggs4.imgix.net/832b7184-f8b8-461c-bc62-e588be79d9a3.jpg?w=380&h=238&fm=jpg&auto=compress&fit=crop","price":"3.49","pricePer":"$3.49 / lb","purchaseUnit":"16 oz"},{"mainCategory":"Pantry","categoryName":"Pasta & Sauce","subCategoryName":"Dry Pasta","title":"Organic Whole Grain Fettuccine Pasta","producer":"Community Grains","photoPath":"https://goodeggs4.imgix.net/dc6d7b2f-7f24-4714-9a49-645a883362bd.jpg?w=380&h=238&fm=jpg&auto=compress&fit=crop","price":"6.99","pricePer":"$11.18 / lb","purchaseUnit":"10 oz"},{"mainCategory":"Pantry","categoryName":"Pasta & Sauce","subCategoryName":"Dry Pasta","title":"Organic Linguine","producer":"Felicetti Pasta","photoPath":"https://goodeggs4.imgix.net/6d5783a3-50f3-49fd-8e42-fb9efeb9fdcb.jpg?w=380&h=238&fm=jpg&auto=compress&fit=crop","price":"3.49","pricePer":"$3.49 / lb","purchaseUnit":"16 oz"},{"mainCategory":"Pantry","categoryName":"Pasta & Sauce","subCategoryName":"Dry Pasta","title":"Organic Lumache","producer":"Felicetti Pasta","photoPath":"https://goodeggs4.imgix.net/9a6a1a54-6578-442d-b270-72d66eb16565.jpg?w=380&h=238&fm=jpg&auto=compress&fit=crop","price":"3.49","pricePer":"$3.49 / lb","purchaseUnit":"16 oz"},{"mainCategory":"Pantry","categoryName":"Pasta & Sauce","subCategoryName":"Dry Pasta","title":"Organic Rigati","producer":"Felicetti Pasta","photoPath":"https://goodeggs4.imgix.net/cc97fb65-6116-485d-b0ac-915c86a95a3e.jpg?w=380&h=238&fm=jpg&auto=compress&fit=crop","price":"3.49","pricePer":"$3.49 / lb","purchaseUnit":"16 oz"},{"mainCategory":"Pantry","categoryName":"Pasta & Sauce","subCategoryName":"Fresh Pasta","title":"Egg Fettuccine","producer":"The Pasta Shop","photoPath":"https://goodeggs4.imgix.net/f7a8bf53-11b0-45e5-b473-3d78217c8b37.jpg?w=380&h=238&fm=jpg&auto=compress&fit=crop","price":"5.99","pricePer":"$7.98 / lb","purchaseUnit":"12 oz"},{"mainCategory":"Pantry","categoryName":"Pasta & Sauce","subCategoryName":"Fresh Pasta","title":"Classic Spaghetti","producer":"The Pasta Shop","photoPath":"https://goodeggs4.imgix.net/82b9a36f-8978-4b58-a9e2-4a4f3a09c12c.jpg?w=380&h=238&fm=jpg&auto=compress&fit=crop","price":"5.99","pricePer":"$7.98 / lb","purchaseUnit":"12 oz"},{"mainCategory":"Pantry","categoryName":"Pasta & Sauce","subCategoryName":"Fresh Pasta","title":"Egg Pappardelle","producer":"The Pasta Shop","photoPath":"https://goodeggs4.imgix.net/92c723a1-cddd-4b2a-aeaa-b4214c4f6999.jpg?w=380&h=238&fm=jpg&auto=compress&fit=crop","price":"5.99","pricePer":"$7.98 / lb","purchaseUnit":"12 oz"},{"mainCategory":"Pantry","categoryName":"Pasta & Sauce","subCategoryName":"Fresh Pasta","title":"Bucatini","producer":"Bayview Pasta","photoPath":"https://goodeggs4.imgix.net/93a6eb86-cc87-4e35-a202-155fee76e5a1.jpg?w=380&h=238&fm=jpg&auto=compress&fit=crop","price":"7.99","pricePer":"$10.65 / lb","purchaseUnit":"12 oz"},{"mainCategory":"Pantry","categoryName":"Pasta & Sauce","subCategoryName":"Fresh Pasta","title":"Strozzapreti","producer":"Bayview Pasta","photoPath":"https://goodeggs4.imgix.net/7c573f86-867e-4647-86d1-a91cbb9ee99d.jpg?w=380&h=238&fm=jpg&auto=compress&fit=crop","price":"6.99","pricePer":"$9.32 / lb","purchaseUnit":"12 oz"},{"mainCategory":"Pantry","categoryName":"Pasta & Sauce","subCategoryName":"Fresh Pasta","title":"Lasagne Sheets","producer":"The Pasta Shop","photoPath":"https://goodeggs4.imgix.net/4c582981-8975-4cda-8761-f6982eeefdd6.jpg?w=380&h=238&fm=jpg&auto=compress&fit=crop","price":"5.99","pricePer":"$7.98 / lb","purchaseUnit":"12 oz"},{"mainCategory":"Pantry","categoryName":"Pasta & Sauce","subCategoryName":"Fresh Pasta","title":"Green Fettuccine of the Season","producer":"Bayview Pasta","photoPath":"https://goodeggs4.imgix.net/71071f34-e9dd-4e5f-9175-16a65a3aeaca.jpg?w=380&h=238&fm=jpg&auto=compress&fit=crop","price":"9.99","pricePer":"$13.32 / lb","purchaseUnit":"12 oz"},{"mainCategory":"Pantry","categoryName":"Pasta & Sauce","subCategoryName":"Fresh Pasta","title":"Squid Ink Spaghettoni","producer":"Bayview Pasta","photoPath":"https://goodeggs4.imgix.net/541dd5c3-50de-4920-aff7-7066dbf08ed2.jpg?w=380&h=238&fm=jpg&auto=compress&fit=crop","price":"7.99","pricePer":"$10.65 / lb","purchaseUnit":"12 oz"},{"mainCategory":"Pantry","categoryName":"Pasta & Sauce","subCategoryName":"Fresh Pasta","title":"Rigatoni","producer":"Bayview Pasta","photoPath":"https://goodeggs4.imgix.net/5f5c49ef-d1ff-48f6-b037-c6e5d84e864c.jpg?w=380&h=238&fm=jpg&auto=compress&fit=crop","price":"6.99","pricePer":"$9.32 / lb","purchaseUnit":"12 oz"},{"mainCategory":"Pantry","categoryName":"Pasta & Sauce","subCategoryName":"Fresh Pasta","title":"Potato Gnocchi","producer":"The Pasta Shop","photoPath":"https://goodeggs4.imgix.net/8047f610-0f4f-48bc-a58f-0d633b718f62.jpg?w=380&h=238&fm=jpg&auto=compress&fit=crop","price":"7.39","pricePer":"$9.85 / lb","purchaseUnit":"12 oz"},{"mainCategory":"Pantry","categoryName":"Pasta & Sauce","subCategoryName":"Fresh Pasta","title":"Spinach Gnocchi","producer":"The Pasta Shop","photoPath":"https://goodeggs4.imgix.net/d7bd84b5-a41c-4735-ae07-e1bcd8d6689d.jpg?w=380&h=238&fm=jpg&auto=compress&fit=crop","price":"7.39","pricePer":"$9.85 / lb","purchaseUnit":"12 oz"},{"mainCategory":"Pantry","categoryName":"Pasta & Sauce","subCategoryName":"Fresh Pasta","title":"Dairy-Free Ricotta Tortellini","producer":"Kite Hill","photoPath":"https://goodeggs4.imgix.net/a53e9b44-af72-401d-8f82-19c62c64699a.jpg?w=380&h=238&fm=jpg&auto=compress&fit=crop","price":"7.69","pricePer":"$0.85 / oz","purchaseUnit":"9 oz"},{"mainCategory":"Pantry","categoryName":"Pasta & Sauce","subCategoryName":"Fresh Pasta","title":"Dairy-Free Spinach Ravioli","producer":"Kite Hill","photoPath":"https://goodeggs4.imgix.net/6ed21f3f-d8e6-461c-bf41-e387f2776e57.jpg?w=380&h=238&fm=jpg&auto=compress&fit=crop","price":"6.99","pricePer":"$0.77 / oz","purchaseUnit":"9 oz"},{"mainCategory":"Pantry","categoryName":"Pasta & Sauce","subCategoryName":"Fresh Pasta","title":"Dairy-Free Mushroom Ravioli","producer":"Kite Hill","photoPath":"https://goodeggs4.imgix.net/3375bb02-5526-4b76-aadc-b8b687f9d399.jpg?w=380&h=238&fm=jpg&auto=compress&fit=crop","price":"6.99","pricePer":"$0.77 / oz","purchaseUnit":"9 oz"},{"mainCategory":"Pantry","categoryName":"Pasta & Sauce","subCategoryName":"Fresh Pasta","title":"Conchiglie (shells)","producer":"The Pasta Shop","photoPath":"https://goodeggs4.imgix.net/43f25039-8acc-4db0-b0b3-b9b0e48fc8c2.jpg?w=380&h=238&fm=jpg&auto=compress&fit=crop","price":"5.99","pricePer":"$7.98 / lb","purchaseUnit":"12 oz"},{"mainCategory":"Pantry","categoryName":"Pasta & Sauce","subCategoryName":"Mac & Cheese","title":"Organic Shells & Real Aged Cheddar Pasta","producer":"Annie's Homegrown","photoPath":"https://goodeggs4.imgix.net/7f6516f0-1509-49e1-a0e8-7d1d98be1905.jpg?w=380&h=238&fm=jpg&auto=compress&fit=crop","price":"2.99","pricePer":"$0.49 / oz","purchaseUnit":"6 oz"},{"mainCategory":"Pantry","categoryName":"Pasta & Sauce","subCategoryName":"Mac & Cheese","title":"Organic Shells & White Cheddar Pasta","producer":"Annie's Homegrown","photoPath":"https://goodeggs4.imgix.net/70e9d918-77bb-4d2d-a89b-08ea3c18f9e7.jpg?w=380&h=238&fm=jpg&auto=compress&fit=crop","price":"2.99","pricePer":"$0.49 / oz","purchaseUnit":"6 oz"},{"mainCategory":"Pantry","categoryName":"Pasta & Sauce","subCategoryName":"Mac & Cheese","title":"Organic Gluten-Free Quinoa Macaroni & Cheese","producer":"Edison Grainery","photoPath":"https://goodeggs4.imgix.net/8fc90821-67e0-4705-b1e4-0327d3e90540.jpg?w=380&h=238&fm=jpg&auto=compress&fit=crop","price":"8.99","pricePer":"$11.98 / lb","purchaseUnit":"12 oz"},{"mainCategory":"Pantry","categoryName":"Pasta & Sauce","subCategoryName":"Mac & Cheese","title":"Organic Shells & Grass-Fed Real Aged Cheddar Pasta","producer":"Annie's Homegrown","photoPath":"https://goodeggs4.imgix.net/76035b9e-766b-410e-9a22-c8fcf4673893.jpg?w=380&h=238&fm=jpg&auto=compress&fit=crop","price":"3.39","pricePer":"$9.04 / lb","purchaseUnit":"6 oz"},{"mainCategory":"Pantry","categoryName":"Pasta & Sauce","subCategoryName":"Mac & Cheese","title":"Mac & Cheese","producer":"Beecher's Handmade Cheese","photoPath":"https://goodeggs4.imgix.net/1cf7dcbe-adfd-44c6-9eb1-0747bf3d950a.jpg?w=380&h=238&fm=jpg&auto=compress&fit=crop","price":"12.99","pricePer":"$10.39 / lb","purchaseUnit":"20 oz"},{"mainCategory":"Pantry","categoryName":"Pasta & Sauce","subCategoryName":"Mac & Cheese","title":"Shells & Real Aged Cheddar Pasta","producer":"Annie's Homegrown","photoPath":"https://goodeggs4.imgix.net/8c87056a-3af7-48e8-9cff-cd53c648fece.jpg?w=380&h=238&fm=jpg&auto=compress&fit=crop","price":"2.69","pricePer":"$7.17 / lb","purchaseUnit":"6 oz"},{"mainCategory":"Pantry","categoryName":"Pasta & Sauce","subCategoryName":"Mac & Cheese","title":"Gluten-Free Macaroni & Cheese","producer":"Amy's Kitchen","photoPath":"https://goodeggs4.imgix.net/e80ad8a2-9dc8-4177-a7b0-fbb88cd5d96c.jpg?w=380&h=238&fm=jpg&auto=compress&fit=crop","price":"4.99","pricePer":"$8.87 / lb","purchaseUnit":"9 oz"},{"mainCategory":"Pantry","categoryName":"Pasta & Sauce","subCategoryName":"Mac & Cheese","title":"Shells & White Cheddar Pasta","producer":"Annie's Homegrown","photoPath":"https://goodeggs4.imgix.net/0c0cdd73-02a5-4eb5-8672-a78e93bdfc51.jpg?w=380&h=238&fm=jpg&auto=compress&fit=crop","price":"2.69","pricePer":"$7.17 / lb","purchaseUnit":"6 oz"},{"mainCategory":"Pantry","categoryName":"Pasta & Sauce","subCategoryName":"Mac & Cheese","title":"Organic Shells & Grass-Fed White Cheddar Pasta","producer":"Annie's Homegrown","photoPath":"https://goodeggs4.imgix.net/7b947b51-76e8-4abe-87a7-7b1798b87c77.jpg?w=380&h=238&fm=jpg&auto=compress&fit=crop","price":"3.39","pricePer":"$9.04 / lb","purchaseUnit":"6 oz"},{"mainCategory":"Pantry","categoryName":"Pasta & Sauce","subCategoryName":"Mac & Cheese","title":"Organic Macaroni & Cheese Pasta","producer":"Good Citizens","photoPath":"https://goodeggs4.imgix.net/8de0b4bf-b7ab-4d8e-9dbc-3c7e38e4e86c.jpg?w=380&h=238&fm=jpg&auto=compress&fit=crop","price":"2.69","pricePer":"$0.45 / oz","purchaseUnit":"6 oz"},{"mainCategory":"Pantry","categoryName":"Pasta & Sauce","subCategoryName":"Mac & Cheese","title":"Plant Based Mac & Cheese","producer":"Howl ","photoPath":"https://goodeggs4.imgix.net/2c9063e5-6743-42fc-8887-103a5963a46b.jpg?w=380&h=238&fm=jpg&auto=compress&fit=crop","price":"5.99","pricePer":null,"purchaseUnit":"10.3 oz"},{"mainCategory":"Pantry","categoryName":"Pasta & Sauce","subCategoryName":"Mac & Cheese","title":"Plant Based Spicy Chipotle Mac & Cheese","producer":"Howl ","photoPath":"https://goodeggs4.imgix.net/26da7b4e-2bcf-4e2c-a831-ae64a484c4bf.jpg?w=380&h=238&fm=jpg&auto=compress&fit=crop","price":"5.99","pricePer":null,"purchaseUnit":"10.3 oz"},{"mainCategory":"Pantry","categoryName":"Pasta & Sauce","subCategoryName":"Gluten-Free Pasta","title":"Organic Gluten-Free Quinoa Macaroni & Cheese","producer":"Edison Grainery","photoPath":"https://goodeggs4.imgix.net/8fc90821-67e0-4705-b1e4-0327d3e90540.jpg?w=380&h=238&fm=jpg&auto=compress&fit=crop","price":"8.99","pricePer":"$11.98 / lb","purchaseUnit":"12 oz"},{"mainCategory":"Pantry","categoryName":"Pasta & Sauce","subCategoryName":"Gluten-Free Pasta","title":"Gluten-Free Fusilli Pasta","producer":"Rummo Pasta","photoPath":"https://goodeggs4.imgix.net/807f65e3-96fc-4e7f-9405-01e046043c2b.jpg?w=380&h=238&fm=jpg&auto=compress&fit=crop","price":"3.99","pricePer":"$5.32 / lb","purchaseUnit":"12 oz"},{"mainCategory":"Pantry","categoryName":"Pasta & Sauce","subCategoryName":"Gluten-Free Pasta","title":"Gluten-Free Spaghetti Pasta","producer":"Rummo Pasta","photoPath":"https://goodeggs4.imgix.net/2700ae13-e4be-494a-8c9f-9557faea6065.jpg?w=380&h=238&fm=jpg&auto=compress&fit=crop","price":"3.99","pricePer":"$5.32 / lb","purchaseUnit":"12 oz"},{"mainCategory":"Pantry","categoryName":"Pasta & Sauce","subCategoryName":"Gluten-Free Pasta","title":"Chickpea Rotini Pasta","producer":"Banza","photoPath":"https://goodeggs4.imgix.net/d6fb8b07-f32b-4cf4-9c7c-574348910621.jpg?w=380&h=238&fm=jpg&auto=compress&fit=crop","price":"4.19","pricePer":"$0.52 / oz","purchaseUnit":"8 oz"},{"mainCategory":"Pantry","categoryName":"Pasta & Sauce","subCategoryName":"Gluten-Free Pasta","title":"Gluten-Free Penne Rigate Pasta","producer":"Rummo Pasta","photoPath":"https://goodeggs4.imgix.net/4a9ef2b3-d2c3-4eb8-87c0-e77c504610d7.jpg?w=380&h=238&fm=jpg&auto=compress&fit=crop","price":"3.99","pricePer":"$5.32 / lb","purchaseUnit":"12 oz"},{"mainCategory":"Pantry","categoryName":"Pasta & Sauce","subCategoryName":"Gluten-Free Pasta","title":"Wheat-Free Spinach Fettuccine","producer":"The Pasta Shop","photoPath":"https://goodeggs4.imgix.net/c74fbe64-0f2a-4608-b0ff-d229055dd1b2.jpg?w=380&h=238&fm=jpg&auto=compress&fit=crop","price":"6.99","pricePer":"$9.32 / lb","purchaseUnit":"12 oz"},{"mainCategory":"Pantry","categoryName":"Pasta & Sauce","subCategoryName":"Gluten-Free Pasta","title":"Chickpea Cavatappi Pasta","producer":"Banza","photoPath":"https://goodeggs4.imgix.net/98c47b42-2077-4257-8621-b909ab009f9b.jpg?w=380&h=238&fm=jpg&auto=compress&fit=crop","price":"4.19","pricePer":"$0.52 / oz","purchaseUnit":"8 oz"},{"mainCategory":"Pantry","categoryName":"Pasta & Sauce","subCategoryName":"Gluten-Free Pasta","title":"Organic Gluten-Free Quinoa Penne","producer":"Edison Grainery","photoPath":"https://goodeggs4.imgix.net/cc00ba1e-3313-4b22-914c-060b5a2dd878.jpg?w=380&h=238&fm=jpg&auto=compress&fit=crop","price":"3.99","pricePer":"$7.98 / lb","purchaseUnit":"8 oz"},{"mainCategory":"Pantry","categoryName":"Pasta & Sauce","subCategoryName":"Gluten-Free Pasta","title":"Gluten-Free Paleo Gnocchi","producer":"Cappello's","photoPath":"https://goodeggs4.imgix.net/e6924531-4ef6-44a5-b430-3a614d0264b8.jpg?w=380&h=238&fm=jpg&auto=compress&fit=crop","price":"9.99","pricePer":"$0.83 / oz","purchaseUnit":"12 oz"},{"mainCategory":"Pantry","categoryName":"Pasta & Sauce","subCategoryName":"Gluten-Free Pasta","title":"Chickpea Shells Pasta","producer":"Banza","photoPath":"https://goodeggs4.imgix.net/709d5a63-ec45-4b9f-b792-31de070730dd.jpg?w=380&h=238&fm=jpg&auto=compress&fit=crop","price":"4.19","pricePer":"$0.52 / oz","purchaseUnit":"8 oz"},{"mainCategory":"Pantry","categoryName":"Pasta & Sauce","subCategoryName":"Gluten-Free Pasta","title":"Gluten-Free Paleo Lasagna Sheets","producer":"Cappello's","photoPath":"https://goodeggs4.imgix.net/9478c48c-464e-4e75-b282-3b95a9af0cfd.jpg?w=380&h=238&fm=jpg&auto=compress&fit=crop","price":"9.99","pricePer":"$1.11 / oz","purchaseUnit":"9 oz"},{"mainCategory":"Pantry","categoryName":"Pasta & Sauce","subCategoryName":"Gluten-Free Pasta","title":"Spaghetti Squash Pasta","producer":"Solely","photoPath":"https://goodeggs4.imgix.net/c320150c-ebd7-4d69-b140-6595f213a890.jpg?w=380&h=238&fm=jpg&auto=compress&fit=crop","price":"4.99","pricePer":"$2.83 / oz","purchaseUnit":"1.76 oz"},{"mainCategory":"Pantry","categoryName":"Pasta & Sauce","subCategoryName":"Gluten-Free Pasta","title":"Chickpea Spaghetti Pasta","producer":"Banza","photoPath":"https://goodeggs4.imgix.net/5482b2a4-c986-487c-8a22-31bb7fe644e9.jpg?w=380&h=238&fm=jpg&auto=compress&fit=crop","price":"4.19","pricePer":"$0.52 / oz","purchaseUnit":"8 oz"},{"mainCategory":"Pantry","categoryName":"Pasta & Sauce","subCategoryName":"Gluten-Free Pasta","title":"Gluten-Free Paleo Fettuccine","producer":"Cappello's","photoPath":"https://goodeggs4.imgix.net/d79aa494-900a-46e3-a1a6-d72d645cc7b3.jpg?w=380&h=238&fm=jpg&auto=compress&fit=crop","price":"9.99","pricePer":"$1.11 / oz","purchaseUnit":"9 oz"},{"mainCategory":"Pantry","categoryName":"Pasta & Sauce","subCategoryName":"Gluten-Free Pasta","title":"Chickpea Penne Pasta","producer":"Banza","photoPath":"https://goodeggs4.imgix.net/a5e63142-d857-4fef-b24f-aa63f23b6512.jpg?w=380&h=238&fm=jpg&auto=compress&fit=crop","price":"4.19","pricePer":"$0.52 / oz","purchaseUnit":"8 oz"},{"mainCategory":"Pantry","categoryName":"Pasta & Sauce","subCategoryName":"Gluten-Free Pasta","title":"Chickpea Linguine Pasta","producer":"Banza","photoPath":"https://goodeggs4.imgix.net/7b128433-2c75-4a0e-8d87-db3f306bb96c.jpg?w=380&h=238&fm=jpg&auto=compress&fit=crop","price":"4.19","pricePer":"$0.52 / oz","purchaseUnit":"8 oz"},{"mainCategory":"Pantry","categoryName":"Pasta & Sauce","subCategoryName":"Gluten-Free Pasta","title":"Chickpea Elbow Pasta","producer":"Banza","photoPath":"https://goodeggs4.imgix.net/6c8fab06-a465-4d4b-83c9-f9c7b8f94ed9.jpg?w=380&h=238&fm=jpg&auto=compress&fit=crop","price":"4.19","pricePer":"$0.52 / oz","purchaseUnit":"8 oz"},{"mainCategory":"Pantry","categoryName":"Pasta & Sauce","subCategoryName":"Gluten-Free Pasta","title":"Gluten-Free Wide Noodles","producer":"Kedem","photoPath":"https://goodeggs4.imgix.net/3b73af0a-c30b-4436-83c2-e0a2816621be.jpg?w=380&h=238&fm=jpg&auto=compress&fit=crop","price":"3.69","pricePer":"$6.56 / lb","purchaseUnit":"9 oz"},{"mainCategory":"Pantry","categoryName":"Pasta & Sauce","subCategoryName":"Noodles","title":"Udon Noodles","producer":"Tin Wah Noodle Co","photoPath":"https://goodeggs4.imgix.net/ad94c79f-9d13-4ae9-9af2-975bf815f93e.jpg?w=380&h=238&fm=jpg&auto=compress&fit=crop","price":"6.99","pricePer":"$11.18 / lb","purchaseUnit":"10 oz"},{"mainCategory":"Pantry","categoryName":"Pasta & Sauce","subCategoryName":"Noodles","title":"Soba Noodles","producer":"Tin Wah Noodle Co","photoPath":"https://goodeggs4.imgix.net/df501521-30cb-4019-9f42-1fa925200909.jpg?w=380&h=238&fm=jpg&auto=compress&fit=crop","price":"6.99","pricePer":"$11.18 / lb","purchaseUnit":"10 oz"},{"mainCategory":"Pantry","categoryName":"Pasta & Sauce","subCategoryName":"Noodles","title":"Gyoza Wrappers","producer":"Tin Wah Noodle Co","photoPath":"https://goodeggs4.imgix.net/27b19b4d-1fe9-4c04-ba23-0e320a12476f.jpg?w=380&h=238&fm=jpg&auto=compress&fit=crop","price":"3.99","pricePer":"$7.98 / lb","purchaseUnit":"8 oz"},{"mainCategory":"Pantry","categoryName":"Pasta & Sauce","subCategoryName":"Noodles","title":"Organic Thai Rice Noodles","producer":"King Soba","photoPath":"https://goodeggs4.imgix.net/b64b9b81-18cb-4947-b1e5-aa2c19082153.jpg?w=380&h=238&fm=jpg&auto=compress&fit=crop","price":"4.69","pricePer":"$8.52 / lb","purchaseUnit":"8.8 oz"},{"mainCategory":"Pantry","categoryName":"Pasta & Sauce","subCategoryName":"Noodles","title":"Organic 100% Buckwheat Noodles","producer":"King Soba","photoPath":"https://goodeggs4.imgix.net/245daea8-54c6-467b-beb7-99da534c7b35.jpg?w=380&h=238&fm=jpg&auto=compress&fit=crop","price":"4.69","pricePer":"$8.52 / lb","purchaseUnit":"8.8 oz"},{"mainCategory":"Pantry","categoryName":"Pasta & Sauce","subCategoryName":"Noodles","title":"Laksa Noodles","producer":"Nona Lim","photoPath":"https://goodeggs4.imgix.net/8144cba4-1907-4410-b739-6f8ac59b5174.jpg?w=380&h=238&fm=jpg&auto=compress&fit=crop","price":"4.99","pricePer":null,"purchaseUnit":"11 oz"},{"mainCategory":"Pantry","categoryName":"Pasta & Sauce","subCategoryName":"Noodles","title":"Organic Traditional Pad Thai Noodles","producer":"Lotus Foods","photoPath":"https://goodeggs4.imgix.net/2a55edce-9a5f-4e97-9ebe-c768861864f1.jpg?w=380&h=238&fm=jpg&auto=compress&fit=crop","price":"4.99","pricePer":"$9.98 / lb","purchaseUnit":"8 oz"},{"mainCategory":"Pantry","categoryName":"Pasta & Sauce","subCategoryName":"Noodles","title":"Spicy Chicken Miso Ramen Noodle Bowl","producer":"Nona Lim","photoPath":"https://goodeggs4.imgix.net/b90ab37e-d72c-4c50-803d-afb4ea21ddba.jpg?w=380&h=238&fm=jpg&auto=compress&fit=crop","price":"7.99","pricePer":"$0.59 / oz","purchaseUnit":"13.5 oz"},{"mainCategory":"Pantry","categoryName":"Pasta & Sauce","subCategoryName":"Noodles","title":"Organic 100% Brown Rice Noodles","producer":"King Soba","photoPath":"https://goodeggs4.imgix.net/5dc7401a-b831-49c9-b71d-499f0ca7ded1.jpg?w=380&h=238&fm=jpg&auto=compress&fit=crop","price":"4.49","pricePer":"$8.16 / lb","purchaseUnit":"8.8 oz"},{"mainCategory":"Pantry","categoryName":"Pasta & Sauce","subCategoryName":"Noodles","title":"Plant-Based Dan Dan Noodle Bowl","producer":"Nona Lim","photoPath":"https://goodeggs4.imgix.net/09d5f821-78e5-416c-8a15-0758c7b885b1.jpg?w=380&h=238&fm=jpg&auto=compress&fit=crop","price":"7.99","pricePer":"$0.76 / oz","purchaseUnit":"10.5 oz"},{"mainCategory":"Pantry","categoryName":"Pasta & Sauce","subCategoryName":"Noodles","title":"Vietnamese Brown Rice & Green Tea Noodles","producer":"Star Anise Foods","photoPath":"https://goodeggs4.imgix.net/7ced6768-ffd4-4057-8c85-7609a5b91cdf.jpg?w=380&h=238&fm=jpg&auto=compress&fit=crop","price":"5.69","pricePer":"$0.66 / oz","purchaseUnit":"8.6 oz"},{"mainCategory":"Pantry","categoryName":"Pasta & Sauce","subCategoryName":"Noodles","title":"Green Curry Noodle Bowl","producer":"Nona Lim","photoPath":"https://goodeggs4.imgix.net/67b49ee0-da9c-4c00-a160-b87283b7156b.jpg?w=380&h=238&fm=jpg&auto=compress&fit=crop","price":"7.49","pricePer":"$0.55 / oz","purchaseUnit":"13.5 oz"},{"mainCategory":"Pantry","categoryName":"Pasta & Sauce","subCategoryName":"Noodles","title":"Organic Forbidden Rice Pad Thai Noodles","producer":"Lotus Foods","photoPath":"https://goodeggs4.imgix.net/21b589c3-72bd-49a2-b825-63a0fbe6c2cd.jpg?w=380&h=238&fm=jpg&auto=compress&fit=crop","price":"4.99","pricePer":"$9.98 / lb","purchaseUnit":"8 oz"},{"mainCategory":"Pantry","categoryName":"Pasta & Sauce","subCategoryName":"Noodles","title":"Organic Black Rice Noodles","producer":"King Soba","photoPath":"https://goodeggs4.imgix.net/b2a11b57-1378-4965-89d9-6091acfa1211.jpg?w=380&h=238&fm=jpg&auto=compress&fit=crop","price":"4.69","pricePer":"$8.52 / lb","purchaseUnit":"8.8 oz"},{"mainCategory":"Pantry","categoryName":"Pasta & Sauce","subCategoryName":"Noodles","title":"Vietnamese Shiitake Mushroom Pho with Brown Rice Noodles","producer":"Star Anise Foods","photoPath":"https://goodeggs4.imgix.net/9c6456b8-1ccf-4ce9-ac71-e154dc318d93.jpg?w=380&h=238&fm=jpg&auto=compress&fit=crop","price":"4.99","pricePer":"$1.10 / oz","purchaseUnit":"4.5 oz"},{"mainCategory":"Pantry","categoryName":"Pasta & Sauce","subCategoryName":"Noodles","title":"Tokyo Ramen","producer":"Nona Lim","photoPath":"https://goodeggs4.imgix.net/d712a5ef-9947-4eec-98fe-4beb24ad9842.jpg?w=380&h=238&fm=jpg&auto=compress&fit=crop","price":"5.99","pricePer":"$9.58 / lb","purchaseUnit":"10 oz"},{"mainCategory":"Pantry","categoryName":"Pasta & Sauce","subCategoryName":"Noodles","title":"Millet & Brown Rice Ramen with Miso Soup","producer":"Lotus Foods","photoPath":"https://goodeggs4.imgix.net/282ceb36-7ef9-40af-868f-9fb084748e35.jpg?w=380&h=238&fm=jpg&auto=compress&fit=crop","price":"1.99","pricePer":"$11.37 / lb","purchaseUnit":"2.8 oz"},{"mainCategory":"Pantry","categoryName":"Pasta & Sauce","subCategoryName":"Noodles","title":"Jade Pearl Rice Ramen with Miso Soup","producer":"Lotus Foods","photoPath":"https://goodeggs4.imgix.net/f14b4798-1ac3-46aa-b19d-8717015bfad4.jpg?w=380&h=238&fm=jpg&auto=compress&fit=crop","price":"1.99","pricePer":"$11.37 / lb","purchaseUnit":"2.8 oz"},{"mainCategory":"Pantry","categoryName":"Pasta & Sauce","subCategoryName":"Noodles","title":"Japanese Spicy Chicken Ramen Cup","producer":"One Culture Foods","photoPath":"https://goodeggs4.imgix.net/6f19d0a7-1b91-4002-b194-db9b0564f966.jpg?w=380&h=238&fm=jpg&auto=compress&fit=crop","price":"3.49","pricePer":"$0.83 / oz","purchaseUnit":"4.2 oz"},{"mainCategory":"Pantry","categoryName":"Pasta & Sauce","subCategoryName":"Noodles","title":"Vietnamese Beef Pho Cup","producer":"One Culture Foods","photoPath":"https://goodeggs4.imgix.net/a3dc6998-b050-461e-9a7b-293f61fdb20b.jpg?w=380&h=238&fm=jpg&auto=compress&fit=crop","price":"3.49","pricePer":"$1.83 / oz","purchaseUnit":"1.9 oz"},{"mainCategory":"Pantry","categoryName":"Pasta & Sauce","subCategoryName":"Noodles","title":"Chinese Chicken Noodle Soup Cup","producer":"One Culture Foods","photoPath":"https://goodeggs4.imgix.net/ec0808ed-8e8d-44d9-a496-7b1b5ad76ccf.jpg?w=380&h=238&fm=jpg&auto=compress&fit=crop","price":"3.49","pricePer":"$0.83 / oz","purchaseUnit":"4.2 oz"},{"mainCategory":"Pantry","categoryName":"Pasta & Sauce","subCategoryName":"Noodles","title":"Black Rice Ramen with Miso Soup","producer":"Lotus Foods","photoPath":"https://goodeggs4.imgix.net/5777a525-f7fc-4daf-aaf5-184404bb2264.jpg?w=380&h=238&fm=jpg&auto=compress&fit=crop","price":"1.99","pricePer":"$11.37 / lb","purchaseUnit":"2.8 oz"},{"mainCategory":"Pantry","categoryName":"Pasta & Sauce","subCategoryName":"Noodles","title":"Gluten-Free Angel Hair Shirataki","producer":"Miracle Noodle","photoPath":"https://goodeggs4.imgix.net/5a0a7891-7fa6-4a8a-813f-9586c8960d12.jpg?w=380&h=238&fm=jpg&auto=compress&fit=crop","price":"2.69","pricePer":"$0.38 / oz","purchaseUnit":"7 oz"},{"mainCategory":"Pantry","categoryName":"Pasta & Sauce","subCategoryName":"Noodles","title":"Gluten-Free Fettucini Shirataki","producer":"Miracle Noodle","photoPath":"https://goodeggs4.imgix.net/5b3d2800-fdfc-419f-8037-9cedee483dd4.jpg?w=380&h=238&fm=jpg&auto=compress&fit=crop","price":"2.69","pricePer":"$0.38 / oz","purchaseUnit":"7 oz"},{"mainCategory":"Pantry","categoryName":"Grains, Rice & Dried Beans","subCategoryName":"Quick Cooking Grains","title":"Cooked Farro","producer":"Healthy Food Inc. Kitchen","photoPath":"https://goodeggs4.imgix.net/db9def2f-7430-4d65-b65b-5ea36de17389.jpg?w=380&h=238&fm=jpg&auto=compress&fit=crop","price":"4.99","pricePer":"$0.49 / oz","purchaseUnit":"10 oz"},{"mainCategory":"Pantry","categoryName":"Grains, Rice & Dried Beans","subCategoryName":"Quick Cooking Grains","title":"Cooked Quinoa","producer":"Healthy Food Inc. Kitchen","photoPath":"https://goodeggs4.imgix.net/0430daae-94ec-4021-a979-13b8d0f2f5c3.jpg?w=380&h=238&fm=jpg&auto=compress&fit=crop","price":"4.99","pricePer":"$0.36 / oz","purchaseUnit":"14 oz"},{"mainCategory":"Pantry","categoryName":"Grains, Rice & Dried Beans","subCategoryName":"Quick Cooking Grains","title":"Thai Hom Mali 90-Second Brown Rice","producer":"Lundberg Family Farm","photoPath":"https://goodeggs4.imgix.net/d97f523d-1f05-4bd6-9f6a-5c6e8969ab72.jpg?w=380&h=238&fm=jpg&auto=compress&fit=crop","price":"2.99","pricePer":"$5.98 / lb","purchaseUnit":"0.5 lb"},{"mainCategory":"Pantry","categoryName":"Grains, Rice & Dried Beans","subCategoryName":"Quick Cooking Grains","title":"Thai Hom Mali 90-Second White Rice","producer":"Lundberg Family Farm","photoPath":"https://goodeggs4.imgix.net/295b9228-6547-4171-b812-4bee63ede4fa.jpg?w=380&h=238&fm=jpg&auto=compress&fit=crop","price":"2.99","pricePer":"$5.98 / lb","purchaseUnit":"0.5 lb"},{"mainCategory":"Pantry","categoryName":"Grains, Rice & Dried Beans","subCategoryName":"Quick Cooking Grains","title":"Garlic Herb RightRice Veggie Grain Blend","producer":"RightRice","photoPath":"https://goodeggs4.imgix.net/20ad255e-c0c5-4435-b209-22f3bd596e99.jpg?w=380&h=238&fm=jpg&auto=compress&fit=crop","price":"2.99","pricePer":"$0.43 / oz","purchaseUnit":"7 oz"},{"mainCategory":"Pantry","categoryName":"Grains, Rice & Dried Beans","subCategoryName":"Quick Cooking Grains","title":"Spanish Style RightRice Veggie Grain Blend","producer":"RightRice","photoPath":"https://goodeggs4.imgix.net/172c32ff-6de1-485c-8c81-4aae7f1e4c47.jpg?w=380&h=238&fm=jpg&auto=compress&fit=crop","price":"2.99","pricePer":"$0.43 / oz","purchaseUnit":"7 oz"},{"mainCategory":"Pantry","categoryName":"Grains, Rice & Dried Beans","subCategoryName":"Quick Cooking Grains","title":"Original RightRice Veggie Grain Blend","producer":"RightRice","photoPath":"https://goodeggs4.imgix.net/74409cf3-ae56-4e67-9e29-c8a9e40848e4.jpg?w=380&h=238&fm=jpg&auto=compress&fit=crop","price":"2.99","pricePer":"$0.43 / oz","purchaseUnit":"7 oz"},{"mainCategory":"Pantry","categoryName":"Grains, Rice & Dried Beans","subCategoryName":"Quick Cooking Grains","title":"Fonio","producer":"Yolélé","photoPath":"https://goodeggs4.imgix.net/72a2d3bd-b5ea-4856-828b-8700ddb7a49d.jpg?w=380&h=238&fm=jpg&auto=compress&fit=crop","price":"5.99","pricePer":"$0.59 / oz","purchaseUnit":"10 oz"},{"mainCategory":"Pantry","categoryName":"Grains, Rice & Dried Beans","subCategoryName":"Quick Cooking Grains","title":"Lemon Pepper RightRice Veggie Grain Blend","producer":"RightRice","photoPath":"https://goodeggs4.imgix.net/f82e0829-72e0-4c58-bceb-22d2b27eb4de.jpg?w=380&h=238&fm=jpg&auto=compress&fit=crop","price":"2.99","pricePer":"$0.43 / oz","purchaseUnit":"7 oz"},{"mainCategory":"Pantry","categoryName":"Grains, Rice & Dried Beans","subCategoryName":"Dried Beans","title":"Organic French Green Lentils","producer":"Edison Grainery","photoPath":"https://goodeggs4.imgix.net/345ed1df-d981-40aa-bdb3-0efe507b5047.jpg?w=380&h=238&fm=jpg&auto=compress&fit=crop","price":"4.99","pricePer":"$4.99 / lb","purchaseUnit":"16 oz"},{"mainCategory":"Pantry","categoryName":"Grains, Rice & Dried Beans","subCategoryName":"Dried Beans","title":"Organic French Green Lentils","producer":"Edison Grainery","photoPath":"https://goodeggs4.imgix.net/7ee4f657-9f1b-4f3c-99ba-c442ba0f6ecd.jpg?w=380&h=238&fm=jpg&auto=compress&fit=crop","price":"2.99","pricePer":"$5.98 / lb","purchaseUnit":"8 oz"},{"mainCategory":"Pantry","categoryName":"Grains, Rice & Dried Beans","subCategoryName":"Dried Beans","title":"Organic Green Split Peas","producer":"Edison Grainery","photoPath":"https://goodeggs4.imgix.net/581502fd-1479-412a-9aa8-e1e51aaf1254.jpg?w=380&h=238&fm=jpg&auto=compress&fit=crop","price":"3.69","pricePer":"$3.69 / lb","purchaseUnit":"16 oz"},{"mainCategory":"Pantry","categoryName":"Grains, Rice & Dried Beans","subCategoryName":"Dried Beans","title":"Midnight Black Beans","producer":"Rancho Gordo","photoPath":"https://goodeggs4.imgix.net/e9b5a23a-bb51-484c-9199-a54543c280cc.jpg?w=380&h=238&fm=jpg&auto=compress&fit=crop","price":"5.99","pricePer":"$5.99 / lb","purchaseUnit":"1 lb"},{"mainCategory":"Pantry","categoryName":"Grains, Rice & Dried Beans","subCategoryName":"Dried Beans","title":"Organic Chickpeas","producer":"Edison Grainery","photoPath":"https://goodeggs4.imgix.net/51120963-2601-473d-8466-95d3a71dac82.jpg?w=380&h=238&fm=jpg&auto=compress&fit=crop","price":"3.69","pricePer":"$3.69 / lb","purchaseUnit":"16 oz"},{"mainCategory":"Pantry","categoryName":"Grains, Rice & Dried Beans","subCategoryName":"Dried Beans","title":"Pinto Beans","producer":"Rancho Gordo","photoPath":"https://goodeggs4.imgix.net/26a785d5-93ae-4510-9d22-4cc4c9181607.jpg?w=380&h=238&fm=jpg&auto=compress&fit=crop","price":"5.99","pricePer":"$5.99 / lb","purchaseUnit":"1 lb"},{"mainCategory":"Pantry","categoryName":"Grains, Rice & Dried Beans","subCategoryName":"Dried Beans","title":"Mayocoba Beans","producer":"Rancho Gordo","photoPath":"https://goodeggs4.imgix.net/718de760-7bbe-11eb-8ffc-b73267f90a16?w=380&h=238&fm=jpg&auto=compress&fit=crop","price":"5.99","pricePer":null,"purchaseUnit":"16 oz"},{"mainCategory":"Pantry","categoryName":"Grains, Rice & Dried Beans","subCategoryName":"Dried Beans","title":"Cranberry Beans","producer":"Rancho Gordo","photoPath":"https://goodeggs4.imgix.net/97fefd67-21bc-4546-a474-89b2d1918759.jpg?w=380&h=238&fm=jpg&auto=compress&fit=crop","price":"5.99","pricePer":"$5.99 / lb","purchaseUnit":"1 lb"},{"mainCategory":"Pantry","categoryName":"Grains, Rice & Dried Beans","subCategoryName":"Dried Beans","title":"Organic Mung Beans","producer":"Edison Grainery","photoPath":"https://goodeggs4.imgix.net/3fa6f109-20dd-49e4-914c-19158db50eac.jpg?w=380&h=238&fm=jpg&auto=compress&fit=crop","price":"4.99","pricePer":"$4.99 / lb","purchaseUnit":"16 oz"},{"mainCategory":"Pantry","categoryName":"Grains, Rice & Dried Beans","subCategoryName":"Dried Beans","title":"Organic Kidney Beans","producer":"Edison Grainery","photoPath":"https://goodeggs4.imgix.net/72175330-2281-47f7-9f18-d8f42c5c6adc.jpg?w=380&h=238&fm=jpg&auto=compress&fit=crop","price":"3.69","pricePer":"$3.69 / lb","purchaseUnit":"16 oz"},{"mainCategory":"Pantry","categoryName":"Grains, Rice & Dried Beans","subCategoryName":"Dried Beans","title":"Black Eyed Peas","producer":"Edison Grainery","photoPath":"https://goodeggs4.imgix.net/8e61de50-836b-11eb-8994-e1a9d560c915?w=380&h=238&fm=jpg&auto=compress&fit=crop","price":"3.99","pricePer":"$0.25 / oz","purchaseUnit":"16 oz"},{"mainCategory":"Pantry","categoryName":"Grains, Rice & Dried Beans","subCategoryName":"Rice","title":"Organic California White Jasmine Rice","producer":"Lundberg Family Farm","photoPath":"https://goodeggs4.imgix.net/c6c0542a-9b48-4720-b95c-0aac80f7df35.jpg?w=380&h=238&fm=jpg&auto=compress&fit=crop","price":"6.99","pricePer":"$3.49 / lb","purchaseUnit":"2 lb"},{"mainCategory":"Pantry","categoryName":"Grains, Rice & Dried Beans","subCategoryName":"Rice","title":"Thai Hom Mali 90-Second White Rice","producer":"Lundberg Family Farm","photoPath":"https://goodeggs4.imgix.net/295b9228-6547-4171-b812-4bee63ede4fa.jpg?w=380&h=238&fm=jpg&auto=compress&fit=crop","price":"2.99","pricePer":"$5.98 / lb","purchaseUnit":"0.5 lb"},{"mainCategory":"Pantry","categoryName":"Grains, Rice & Dried Beans","subCategoryName":"Rice","title":"Organic White Basmati Rice","producer":"Lundberg Family Farm","photoPath":"https://goodeggs4.imgix.net/5687cf46-390c-46b9-a9e8-205164373eef.jpg?w=380&h=238&fm=jpg&auto=compress&fit=crop","price":"6.99","pricePer":"$3.49 / lb","purchaseUnit":"2 lb"},{"mainCategory":"Pantry","categoryName":"Grains, Rice & Dried Beans","subCategoryName":"Rice","title":"Organic White Long Grain Rice","producer":"Lundberg Family Farm","photoPath":"https://goodeggs4.imgix.net/d8ad079c-9a42-4121-813d-e797c2a43b6b.jpg?w=380&h=238&fm=jpg&auto=compress&fit=crop","price":"4.99","pricePer":"$2.49 / lb","purchaseUnit":"2 lb"},{"mainCategory":"Pantry","categoryName":"Grains, Rice & Dried Beans","subCategoryName":"Rice","title":"White Basmati Rice","producer":"Next Generation Foods","photoPath":"https://goodeggs4.imgix.net/c215fe70-a967-4261-9f4b-ded773d796b2.jpg?w=380&h=238&fm=jpg&auto=compress&fit=crop","price":"8.99","pricePer":"$4.49 / lb","purchaseUnit":"2 lb"},{"mainCategory":"Pantry","categoryName":"Grains, Rice & Dried Beans","subCategoryName":"Rice","title":"Organic Calrose White Rice","producer":"Next Generation Foods","photoPath":"https://goodeggs4.imgix.net/138aaa6a-c398-4057-bd91-0dd796a0f81a.jpg?w=380&h=238&fm=jpg&auto=compress&fit=crop","price":"8.99","pricePer":"$4.49 / lb","purchaseUnit":"2 lb"},{"mainCategory":"Pantry","categoryName":"Grains, Rice & Dried Beans","subCategoryName":"Rice","title":"Organic California White Calrose Rice","producer":"Lundberg Family Farm","photoPath":"https://goodeggs4.imgix.net/fbca736b-3e07-4fdb-872f-3cdc143016e3.jpg?w=380&h=238&fm=jpg&auto=compress&fit=crop","price":"9.99","pricePer":"$2.49 / lb","purchaseUnit":"4 lb"},{"mainCategory":"Pantry","categoryName":"Grains, Rice & Dried Beans","subCategoryName":"Rice","title":"Organic White Heirloom Basmati Rice","producer":"Lotus Foods","photoPath":"https://goodeggs4.imgix.net/fd0daf07-6473-42f5-8e11-883f2ffae7cb.jpg?w=380&h=238&fm=jpg&auto=compress&fit=crop","price":"6.69","pricePer":"$3.55 / lb","purchaseUnit":"1.88 lb"},{"mainCategory":"Pantry","categoryName":"Grains, Rice & Dried Beans","subCategoryName":"Rice","title":"Cooked Brown Rice","producer":"Healthy Food Inc. Kitchen","photoPath":"https://goodeggs4.imgix.net/6ef1f46b-381c-445b-938c-a09ba05e37db.jpg?w=380&h=238&fm=jpg&auto=compress&fit=crop","price":"4.99","pricePer":"$5.70 / lb","purchaseUnit":"14 oz"},{"mainCategory":"Pantry","categoryName":"Grains, Rice & Dried Beans","subCategoryName":"Rice","title":"Cooked Wild Rice","producer":"Healthy Food Inc. Kitchen","photoPath":"https://goodeggs4.imgix.net/e4c49047-a19a-49d2-a61e-c42fc44a7e33.jpg?w=380&h=238&fm=jpg&auto=compress&fit=crop","price":"5.99","pricePer":"$0.66 / oz","purchaseUnit":"9 oz"},{"mainCategory":"Pantry","categoryName":"Grains, Rice & Dried Beans","subCategoryName":"Rice","title":"Thai Hom Mali 90-Second Brown Rice","producer":"Lundberg Family Farm","photoPath":"https://goodeggs4.imgix.net/d97f523d-1f05-4bd6-9f6a-5c6e8969ab72.jpg?w=380&h=238&fm=jpg&auto=compress&fit=crop","price":"2.99","pricePer":"$5.98 / lb","purchaseUnit":"0.5 lb"},{"mainCategory":"Pantry","categoryName":"Grains, Rice & Dried Beans","subCategoryName":"Rice","title":"Organic Short Grain Brown Rice","producer":"Lundberg Family Farm","photoPath":"https://goodeggs4.imgix.net/64f826a1-a7a5-4657-8169-13ec81beeb1b.jpg?w=380&h=238&fm=jpg&auto=compress&fit=crop","price":"5.39","pricePer":"$2.69 / lb","purchaseUnit":"2 lb"},{"mainCategory":"Pantry","categoryName":"Grains, Rice & Dried Beans","subCategoryName":"Rice","title":"Organic Brown Long Grain Rice","producer":"Lundberg Family Farm","photoPath":"https://goodeggs4.imgix.net/b4ca7e4e-cbb6-46b9-9b36-ce57a5c0fc61.jpg?w=380&h=238&fm=jpg&auto=compress&fit=crop","price":"4.99","pricePer":"$2.49 / lb","purchaseUnit":"2 lb"},{"mainCategory":"Pantry","categoryName":"Grains, Rice & Dried Beans","subCategoryName":"Rice","title":"Organic Calrose Brown Rice","producer":"Next Generation Foods","photoPath":"https://goodeggs4.imgix.net/3460c823-e821-4b18-80ca-c48fd8ea4b1b.jpg?w=380&h=238&fm=jpg&auto=compress&fit=crop","price":"8.99","pricePer":"$4.49 / lb","purchaseUnit":"2 lb"},{"mainCategory":"Pantry","categoryName":"Grains, Rice & Dried Beans","subCategoryName":"Rice","title":"Organic Brown Heirloom Basmati Rice","producer":"Lotus Foods","photoPath":"https://goodeggs4.imgix.net/96194213-6e3c-4156-a8d5-30f7a06e414d.jpg?w=380&h=238&fm=jpg&auto=compress&fit=crop","price":"6.69","pricePer":"$3.56 / lb","purchaseUnit":"30 oz"},{"mainCategory":"Pantry","categoryName":"Grains, Rice & Dried Beans","subCategoryName":"Rice","title":"Organic Sushi Rice","producer":"Lundberg Family Farm","photoPath":"https://goodeggs4.imgix.net/6ae7e539-e1f6-4558-b0f0-b02bf3f56662.jpg?w=380&h=238&fm=jpg&auto=compress&fit=crop","price":"6.99","pricePer":"$3.49 / lb","purchaseUnit":"2 lb"},{"mainCategory":"Pantry","categoryName":"Grains, Rice & Dried Beans","subCategoryName":"Rice","title":"Organic Sushi Rice","producer":"Next Generation Foods","photoPath":"https://goodeggs4.imgix.net/c4027f31-764d-4b71-8c27-000eb9e204b2.jpg?w=380&h=238&fm=jpg&auto=compress&fit=crop","price":"8.99","pricePer":"$4.49 / lb","purchaseUnit":"2 lb"},{"mainCategory":"Pantry","categoryName":"Grains, Rice & Dried Beans","subCategoryName":"Rice","title":"White Arborio Rice","producer":"Lundberg Family Farm","photoPath":"https://goodeggs4.imgix.net/a23da0ab-7dec-4175-89b1-a639b56240b4.jpg?w=380&h=238&fm=jpg&auto=compress&fit=crop","price":"6.99","pricePer":"$3.49 / lb","purchaseUnit":"2 lb"},{"mainCategory":"Pantry","categoryName":"Grains, Rice & Dried Beans","subCategoryName":"Rice","title":"California Wild Blend Rice","producer":"Lundberg Family Farm","photoPath":"https://goodeggs4.imgix.net/c7c79906-6e14-42a1-b0ca-7445b78f8652.jpg?w=380&h=238&fm=jpg&auto=compress&fit=crop","price":"3.99","pricePer":"$3.99 / lb","purchaseUnit":"1 lb"},{"mainCategory":"Pantry","categoryName":"Grains, Rice & Dried Beans","subCategoryName":"Rice","title":"Coconut Rice","producer":"Snapdragon Foods","photoPath":"https://goodeggs4.imgix.net/4457d55c-c5a6-4436-9223-7c775b66855c.jpg?w=380&h=238&fm=jpg&auto=compress&fit=crop","price":"7.99","pricePer":null,"purchaseUnit":"18 oz"},{"mainCategory":"Pantry","categoryName":"Grains, Rice & Dried Beans","subCategoryName":"Rice","title":"Organic Forbidden Rice","producer":"Lotus Foods","photoPath":"https://goodeggs4.imgix.net/438bcde6-2abc-4201-9172-d39115eeef4e.jpg?w=380&h=238&fm=jpg&auto=compress&fit=crop","price":"4.69","pricePer":"$4.98 / lb","purchaseUnit":"0.94 lb"},{"mainCategory":"Pantry","categoryName":"Grains, Rice & Dried Beans","subCategoryName":"Rice","title":"Organic Jade Pearl Rice","producer":"Lotus Foods","photoPath":"https://goodeggs4.imgix.net/a3bd0d8a-74b4-4c64-ae01-ae1851a120bc.jpg?w=380&h=238&fm=jpg&auto=compress&fit=crop","price":"4.69","pricePer":"$4.98 / lb","purchaseUnit":"0.94 lb"},{"mainCategory":"Pantry","categoryName":"Grains, Rice & Dried Beans","subCategoryName":"Grains","title":"Organic Farro","producer":"Bob's Red Mill","photoPath":"https://goodeggs4.imgix.net/506f253e-a2ae-414c-b6e1-2fcca8d2bb77.jpg?w=380&h=238&fm=jpg&auto=compress&fit=crop","price":"5.99","pricePer":"$3.99 / lb","purchaseUnit":"24 oz"},{"mainCategory":"Pantry","categoryName":"Grains, Rice & Dried Beans","subCategoryName":"Grains","title":"Organic Einkorn Wheatberries","producer":"Jovial","photoPath":"https://goodeggs4.imgix.net/277b0235-f039-4dd4-9728-497bd0954398.jpg?w=380&h=238&fm=jpg&auto=compress&fit=crop","price":"3.99","pricePer":"$3.99 / lb","purchaseUnit":"16 oz"},{"mainCategory":"Pantry","categoryName":"Grains, Rice & Dried Beans","subCategoryName":"Grains","title":"Toasted Seeds","producer":"Healthy Food Inc. Kitchen","photoPath":"https://goodeggs4.imgix.net/94885358-2c9b-45d3-958f-46a3ca686f5a.jpg?w=380&h=238&fm=jpg&auto=compress&fit=crop","price":"4.99","pricePer":"$3.32 / oz","purchaseUnit":"1.5 oz"},{"mainCategory":"Pantry","categoryName":"Grains, Rice & Dried Beans","subCategoryName":"Grains","title":"Golden Couscous","producer":"Bob's Red Mill","photoPath":"https://goodeggs4.imgix.net/f4706e2c-5b83-4f5a-8d53-b830dfbf11a3.jpg?w=380&h=238&fm=jpg&auto=compress&fit=crop","price":"4.99","pricePer":"$3.32 / lb","purchaseUnit":"24 oz"},{"mainCategory":"Pantry","categoryName":"Grains, Rice & Dried Beans","subCategoryName":"Grains","title":"Organic Corn Meal Polenta","producer":"Edison Grainery","photoPath":"https://goodeggs4.imgix.net/e3ae3347-5c86-432e-9ab7-cb9979ca6f57.jpg?w=380&h=238&fm=jpg&auto=compress&fit=crop","price":"3.69","pricePer":"$3.69 / lb","purchaseUnit":"16 oz"},{"mainCategory":"Pantry","categoryName":"Grains, Rice & Dried Beans","subCategoryName":"Grains","title":"Organic Corn Meal Polenta","producer":"Edison Grainery","photoPath":"https://goodeggs4.imgix.net/8233cad9-59b5-497b-8828-03464e295fae.jpg?w=380&h=238&fm=jpg&auto=compress&fit=crop","price":"2.00","pricePer":"$0.25 / oz","purchaseUnit":"8 oz"},{"mainCategory":"Pantry","categoryName":"Grains, Rice & Dried Beans","subCategoryName":"Grains","title":"Organic Golden Quinoa","producer":"Edison Grainery","photoPath":"https://goodeggs4.imgix.net/8c188fac-22aa-498e-9f5c-eaaa5d451463.jpg?w=380&h=238&fm=jpg&auto=compress&fit=crop","price":"8.99","pricePer":"$8.99 / lb","purchaseUnit":"16 oz"},{"mainCategory":"Pantry","categoryName":"Grains, Rice & Dried Beans","subCategoryName":"Grains","title":"Organic Tri-Color Quinoa","producer":"Lundberg Family Farm","photoPath":"https://goodeggs4.imgix.net/3ef5d4d4-2ae2-467d-bfa0-ba10744c1a05.jpg?w=380&h=238&fm=jpg&auto=compress&fit=crop","price":"6.99","pricePer":"$6.99 / lb","purchaseUnit":"1 lb"},{"mainCategory":"Pantry","categoryName":"Grains, Rice & Dried Beans","subCategoryName":"Grains","title":"Organic Rainbow Heirloom Quinoa","producer":"Alter Eco","photoPath":"https://goodeggs4.imgix.net/90a7d3d9-dbcb-4caf-86c2-18f3256e1d27.jpg?w=380&h=238&fm=jpg&auto=compress&fit=crop","price":"7.99","pricePer":"$10.65 / lb","purchaseUnit":"12 oz"},{"mainCategory":"Pantry","categoryName":"Grains, Rice & Dried Beans","subCategoryName":"Grains","title":"Organic Tri-Color Quinoa","producer":"Edison Grainery","photoPath":"https://goodeggs4.imgix.net/0d34ead8-4bc2-40f0-b014-6d21d2105cff.jpg?w=380&h=238&fm=jpg&auto=compress&fit=crop","price":"8.99","pricePer":"$8.99 / lb","purchaseUnit":"16 oz"},{"mainCategory":"Pantry","categoryName":"Grains, Rice & Dried Beans","subCategoryName":"Grains","title":"Organic Red Heirloom Quinoa","producer":"Alter Eco","photoPath":"https://goodeggs4.imgix.net/9e6d5c7f-779a-448f-a673-2d49f76070de.jpg?w=380&h=238&fm=jpg&auto=compress&fit=crop","price":"7.99","pricePer":"$10.65 / lb","purchaseUnit":"12 oz"},{"mainCategory":"Pantry","categoryName":"Grains, Rice & Dried Beans","subCategoryName":"Grains","title":"Organic Hulled Millet","producer":"Edison Grainery","photoPath":"https://goodeggs4.imgix.net/5aa59847-dc5c-477c-bd41-cb61cabbb947.jpg?w=380&h=238&fm=jpg&auto=compress&fit=crop","price":"3.69","pricePer":"$3.69 / lb","purchaseUnit":"1 lb"},{"mainCategory":"Pantry","categoryName":"Canned & Jarred","subCategoryName":"Beans & Vegetables","title":"Organic Black Beans","producer":"Field Day","photoPath":"https://goodeggs4.imgix.net/028c47c5-7b1d-4f51-8075-2dee18a78699.jpg?w=380&h=238&fm=jpg&auto=compress&fit=crop","price":"2.39","pricePer":"$0.16 / oz","purchaseUnit":"15 oz"},{"mainCategory":"Pantry","categoryName":"Canned & Jarred","subCategoryName":"Beans & Vegetables","title":"Organic Chickpeas","producer":"Field Day","photoPath":"https://goodeggs4.imgix.net/e520bb64-5848-42f5-a6ac-71a0c4d27c51.jpg?w=380&h=238&fm=jpg&auto=compress&fit=crop","price":"2.39","pricePer":"$0.15 / oz","purchaseUnit":"15.5 oz"},{"mainCategory":"Pantry","categoryName":"Canned & Jarred","subCategoryName":"Beans & Vegetables","title":"Organic Cannellini Beans","producer":"Field Day","photoPath":"https://goodeggs4.imgix.net/88c7da0e-0c86-47ce-bc26-11dd97883759.jpg?w=380&h=238&fm=jpg&auto=compress&fit=crop","price":"2.39","pricePer":"$0.16 / oz","purchaseUnit":"15 oz"},{"mainCategory":"Pantry","categoryName":"Canned & Jarred","subCategoryName":"Beans & Vegetables","title":"Refried Cuban Black Beans","producer":"Better Bean","photoPath":"https://goodeggs4.imgix.net/857d288c-dae6-444a-9c40-64e68b35d8d5.jpg?w=380&h=238&fm=jpg&auto=compress&fit=crop","price":"4.39","pricePer":"$4.68 / lb","purchaseUnit":"15 oz"},{"mainCategory":"Pantry","categoryName":"Canned & Jarred","subCategoryName":"Beans & Vegetables","title":"Organic Black Beans","producer":"Eden Foods","photoPath":"https://goodeggs4.imgix.net/38250a9c-4233-40d9-9ca6-8e367d12439e.jpg?w=380&h=238&fm=jpg&auto=compress&fit=crop","price":"2.99","pricePer":"$3.18 / lb","purchaseUnit":"15 oz"},{"mainCategory":"Pantry","categoryName":"Canned & Jarred","subCategoryName":"Beans & Vegetables","title":"Organic Refried Pinto Beans","producer":"Field Day","photoPath":"https://goodeggs4.imgix.net/6f722466-a2c5-4ab5-8db0-a554e98101e7.jpg?w=380&h=238&fm=jpg&auto=compress&fit=crop","price":"2.39","pricePer":"$0.15 / oz","purchaseUnit":"16 oz"},{"mainCategory":"Pantry","categoryName":"Canned & Jarred","subCategoryName":"Beans & Vegetables","title":"Uncanny Refried Black Beans","producer":"Better Bean","photoPath":"https://goodeggs4.imgix.net/280a795b-c688-43e7-90de-e4f8b5e1deec.jpg?w=380&h=238&fm=jpg&auto=compress&fit=crop","price":"4.39","pricePer":"$4.68 / lb","purchaseUnit":"15 oz"},{"mainCategory":"Pantry","categoryName":"Canned & Jarred","subCategoryName":"Beans & Vegetables","title":"Organic Kidney Beans","producer":"Field Day","photoPath":"https://goodeggs4.imgix.net/deade6bb-88d9-46e1-98c6-346fe4596ce2.jpg?w=380&h=238&fm=jpg&auto=compress&fit=crop","price":"2.39","pricePer":"$0.16 / oz","purchaseUnit":"15.25 oz"},{"mainCategory":"Pantry","categoryName":"Canned & Jarred","subCategoryName":"Beans & Vegetables","title":"Organic Pinto Beans","producer":"Field Day","photoPath":"https://goodeggs4.imgix.net/a05998d1-2efb-4ffe-aae7-d9a7d1984acd.jpg?w=380&h=238&fm=jpg&auto=compress&fit=crop","price":"2.39","pricePer":"$0.16 / oz","purchaseUnit":"15 oz"},{"mainCategory":"Pantry","categoryName":"Canned & Jarred","subCategoryName":"Beans & Vegetables","title":"Skillet Refried Red Beans","producer":"Better Bean","photoPath":"https://goodeggs4.imgix.net/90bea518-12ad-4831-b6f5-770c04eaf0c6.jpg?w=380&h=238&fm=jpg&auto=compress&fit=crop","price":"4.39","pricePer":"$4.68 / lb","purchaseUnit":"15 oz"},{"mainCategory":"Pantry","categoryName":"Canned & Jarred","subCategoryName":"Beans & Vegetables","title":"Organic Chickpeas","producer":"Eden Foods","photoPath":"https://goodeggs4.imgix.net/85df10c3-9e97-4987-a622-28e7eb58afd0.jpg?w=380&h=238&fm=jpg&auto=compress&fit=crop","price":"2.99","pricePer":"$3.18 / lb","purchaseUnit":"15 oz"},{"mainCategory":"Pantry","categoryName":"Canned & Jarred","subCategoryName":"Beans & Vegetables","title":"Organic Chickpeas","producer":"Maia Organic","photoPath":"https://goodeggs4.imgix.net/ea878ab2-9acf-44ff-a278-ec9ea7adc2fb.jpg?w=380&h=238&fm=jpg&auto=compress&fit=crop","price":"3.99","pricePer":"$6.02 / lb","purchaseUnit":"10.6 oz"},{"mainCategory":"Pantry","categoryName":"Canned & Jarred","subCategoryName":"Beans & Vegetables","title":"Organic Classic Baked Beans","producer":"Field Day","photoPath":"https://goodeggs4.imgix.net/dae1e645-64c6-4369-bbda-ab12dffcb897.jpg?w=380&h=238&fm=jpg&auto=compress&fit=crop","price":"2.39","pricePer":"$0.16 / oz","purchaseUnit":"15 oz"},{"mainCategory":"Pantry","categoryName":"Canned & Jarred","subCategoryName":"Beans & Vegetables","title":"Cuban Black Beans","producer":"A Dozen Cousins ","photoPath":"https://goodeggs4.imgix.net/987386b5-9499-4df3-b2f5-be352ae6e310.jpg?w=380&h=238&fm=jpg&auto=compress&fit=crop","price":"3.99","pricePer":null,"purchaseUnit":"10 oz"},{"mainCategory":"Pantry","categoryName":"Canned & Jarred","subCategoryName":"Beans & Vegetables","title":"Classic Refried Pinto beans","producer":"A Dozen Cousins ","photoPath":"https://goodeggs4.imgix.net/02ff765b-15bf-41e8-a940-347653616949.jpg?w=380&h=238&fm=jpg&auto=compress&fit=crop","price":"3.99","pricePer":null,"purchaseUnit":"10 oz"},{"mainCategory":"Pantry","categoryName":"Canned & Jarred","subCategoryName":"Beans & Vegetables","title":"Organic Cannellini Beans","producer":"Maia Organic","photoPath":"https://goodeggs4.imgix.net/2571e6c4-136f-4b28-9508-42ee3e08c0b5.jpg?w=380&h=238&fm=jpg&auto=compress&fit=crop","price":"3.99","pricePer":"$6.02 / lb","purchaseUnit":"10.6 oz"},{"mainCategory":"Pantry","categoryName":"Canned & Jarred","subCategoryName":"Beans & Vegetables","title":"Organic Pinto Beans","producer":"Eden Foods","photoPath":"https://goodeggs4.imgix.net/d8952524-6e05-4b59-b466-24afb1ffdf10.jpg?w=380&h=238&fm=jpg&auto=compress&fit=crop","price":"2.99","pricePer":"$3.18 / lb","purchaseUnit":"15 oz"},{"mainCategory":"Pantry","categoryName":"Canned & Jarred","subCategoryName":"Beans & Vegetables","title":"Organic Butter Beans","producer":"Eden Foods","photoPath":"https://goodeggs4.imgix.net/f4362af4-9f65-45c4-8ad4-46b7931a095b.jpg?w=380&h=238&fm=jpg&auto=compress&fit=crop","price":"2.99","pricePer":"$3.18 / lb","purchaseUnit":"15 oz"},{"mainCategory":"Pantry","categoryName":"Canned & Jarred","subCategoryName":"Beans & Vegetables","title":"Mexican Cowboy Pinto Beans","producer":"A Dozen Cousins ","photoPath":"https://goodeggs4.imgix.net/64214448-864c-454d-85b2-13bbec31ac6a.jpg?w=380&h=238&fm=jpg&auto=compress&fit=crop","price":"3.99","pricePer":null,"purchaseUnit":"10 oz"},{"mainCategory":"Pantry","categoryName":"Canned & Jarred","subCategoryName":"Beans & Vegetables","title":"Organic Kidney Beans","producer":"Eden Foods","photoPath":"https://goodeggs4.imgix.net/0f15324f-27dd-43cf-9234-44228cdd510f.jpg?w=380&h=238&fm=jpg&auto=compress&fit=crop","price":"2.99","pricePer":"$3.18 / lb","purchaseUnit":"15 oz"},{"mainCategory":"Pantry","categoryName":"Canned & Jarred","subCategoryName":"Beans & Vegetables","title":"Organic Borlotti Beans","producer":"Maia Organic","photoPath":"https://goodeggs4.imgix.net/7a6cc1ee-224f-4e57-9a67-f5cfe9409637.jpg?w=380&h=238&fm=jpg&auto=compress&fit=crop","price":"3.99","pricePer":"$6.02 / lb","purchaseUnit":"10.6 oz"},{"mainCategory":"Pantry","categoryName":"Canned & Jarred","subCategoryName":"Beans & Vegetables","title":"Organic Aduki Beans","producer":"Eden Foods","photoPath":"https://goodeggs4.imgix.net/68266238-5687-458f-a35a-b26be351a18b.jpg?w=380&h=238&fm=jpg&auto=compress&fit=crop","price":"2.99","pricePer":"$3.18 / lb","purchaseUnit":"15 oz"},{"mainCategory":"Pantry","categoryName":"Canned & Jarred","subCategoryName":"Beans & Vegetables","title":"Trini Chickpea Curry","producer":"A Dozen Cousins ","photoPath":"https://goodeggs4.imgix.net/da799ddc-d7e1-40b7-96a0-3bbf6141aa20.jpg?w=380&h=238&fm=jpg&auto=compress&fit=crop","price":"3.99","pricePer":null,"purchaseUnit":"10 oz"},{"mainCategory":"Pantry","categoryName":"Canned & Jarred","subCategoryName":"Beans & Vegetables","title":"Roasted Chipotle Red Beans","producer":"Better Bean","photoPath":"https://goodeggs4.imgix.net/0f3bc3f8-418c-4074-8d2a-3aa6135fcabd.jpg?w=380&h=238&fm=jpg&auto=compress&fit=crop","price":"4.39","pricePer":"$4.68 / lb","purchaseUnit":"15 oz"},{"mainCategory":"Pantry","categoryName":"Canned & Jarred","subCategoryName":"Beans & Vegetables","title":"Organic Sweet Potato Puree","producer":"Farmer's Market Foods","photoPath":"https://goodeggs4.imgix.net/2f3f018f-db1f-41d3-9ce5-44546269c4b0.jpg?w=380&h=238&fm=jpg&auto=compress&fit=crop","price":"2.49","pricePer":null,"purchaseUnit":"15 oz"},{"mainCategory":"Pantry","categoryName":"Canned & Jarred","subCategoryName":"Beans & Vegetables","title":"Organic Butternut Squash Puree","producer":"Farmer's Market Foods","photoPath":"https://goodeggs4.imgix.net/eab65431-416f-45e8-86e6-2f6ccc0aed82.jpg?w=380&h=238&fm=jpg&auto=compress&fit=crop","price":"2.49","pricePer":null,"purchaseUnit":"15 oz"},{"mainCategory":"Pantry","categoryName":"Canned & Jarred","subCategoryName":"Tomatoes","title":"Organic Pizza Sauce","producer":"Sonoma Gourmet","photoPath":"https://goodeggs4.imgix.net/6ecd358f-df61-46c8-a05c-2127ef00953e.jpg?w=380&h=238&fm=jpg&auto=compress&fit=crop","price":"3.99","pricePer":"$0.33 / oz","purchaseUnit":"12 oz"},{"mainCategory":"Pantry","categoryName":"Canned & Jarred","subCategoryName":"Tomatoes","title":"Concentrated Tomato Paste","producer":"Mutti","photoPath":"https://goodeggs4.imgix.net/28620d47-f9e9-474e-96d1-bb959fef2b72.jpg?w=380&h=238&fm=jpg&auto=compress&fit=crop","price":"2.99","pricePer":"$0.66 / oz","purchaseUnit":"4.5 oz"},{"mainCategory":"Pantry","categoryName":"Canned & Jarred","subCategoryName":"Tomatoes","title":"Organic Unsalted Tomato Paste","producer":"Bionaturæ","photoPath":"https://goodeggs4.imgix.net/de0a4781-b6cb-4cf2-a2b5-772eba4c0b4f.jpg?w=380&h=238&fm=jpg&auto=compress&fit=crop","price":"2.69","pricePer":"$0.38 / oz","purchaseUnit":"7 oz"},{"mainCategory":"Pantry","categoryName":"Canned & Jarred","subCategoryName":"Tomatoes","title":"Organic Tomato Paste","producer":"Muir Glen Organic","photoPath":"https://goodeggs4.imgix.net/e46f2c55-54e5-4033-934d-a64488cf66f7.jpg?w=380&h=238&fm=jpg&auto=compress&fit=crop","price":"1.39","pricePer":"$0.23 / oz","purchaseUnit":"6 oz"},{"mainCategory":"Pantry","categoryName":"Canned & Jarred","subCategoryName":"Tomatoes","title":"Organic Pizza Sauce","producer":"Muir Glen Organic","photoPath":"https://goodeggs4.imgix.net/b969dfd7-20b6-494a-8ccb-5c1f16c4b3b4.jpg?w=380&h=238&fm=jpg&auto=compress&fit=crop","price":"2.69","pricePer":"$0.19 / oz","purchaseUnit":"14.5 oz"},{"mainCategory":"Pantry","categoryName":"Canned & Jarred","subCategoryName":"Tomatoes","title":"Organic Crushed Tomatoes","producer":"Bianco Di Napoli ","photoPath":"https://goodeggs4.imgix.net/18127d2a-8828-4f26-aa7b-9c7e707e411d.jpg?w=380&h=238&fm=jpg&auto=compress&fit=crop","price":"3.99","pricePer":"$0.14 / oz","purchaseUnit":"28 oz"},{"mainCategory":"Pantry","categoryName":"Canned & Jarred","subCategoryName":"Tomatoes","title":"Organic Diced Tomatoes","producer":"Muir Glen Organic","photoPath":"https://goodeggs4.imgix.net/055ef37b-d2f2-48e4-b0ae-b0ac4c6d4435.jpg?w=380&h=238&fm=jpg&auto=compress&fit=crop","price":"2.39","pricePer":"$0.16 / oz","purchaseUnit":"14.5 oz"},{"mainCategory":"Pantry","categoryName":"Canned & Jarred","subCategoryName":"Tomatoes","title":"Organic Whole Peeled Tomatoes with Basil","producer":"Bianco Di Napoli ","photoPath":"https://goodeggs4.imgix.net/5baaeab8-1545-46f7-9240-10f52a595c0a.jpg?w=380&h=238&fm=jpg&auto=compress&fit=crop","price":"3.99","pricePer":"$0.14 / oz","purchaseUnit":"28 oz"},{"mainCategory":"Pantry","categoryName":"Canned & Jarred","subCategoryName":"Tomatoes","title":"Organic Fire Roasted Diced Tomatoes","producer":"Muir Glen Organic","photoPath":"https://goodeggs4.imgix.net/6a8f4f4f-8bbf-4c91-82a0-58259e4458a7.jpg?w=380&h=238&fm=jpg&auto=compress&fit=crop","price":"2.49","pricePer":"$0.17 / oz","purchaseUnit":"14.5 oz"},{"mainCategory":"Pantry","categoryName":"Canned & Jarred","subCategoryName":"Tomatoes","title":"Crushed Tomatoes","producer":"Bionaturæ","photoPath":"https://goodeggs4.imgix.net/c950d8f2-12f5-4881-94e5-c5b52010e434.jpg?w=380&h=238&fm=jpg&auto=compress&fit=crop","price":"3.49","pricePer":"$0.12 / oz","purchaseUnit":"28 oz"},{"mainCategory":"Pantry","categoryName":"Canned & Jarred","subCategoryName":"Tomatoes","title":"Whole Peeled Tomatoes","producer":"Bionaturæ","photoPath":"https://goodeggs4.imgix.net/a6d2543c-3ee8-4a99-83a9-44c5c9f7132e.jpg?w=380&h=238&fm=jpg&auto=compress&fit=crop","price":"3.49","pricePer":"$0.12 / oz","purchaseUnit":"28 oz"},{"mainCategory":"Pantry","categoryName":"Canned & Jarred","subCategoryName":"Tomatoes","title":"Organic Crushed Tomatoes","producer":"Jovial","photoPath":"https://goodeggs4.imgix.net/bbf1f1c1-e7f5-417c-811e-71eb84df92af.jpg?w=380&h=238&fm=jpg&auto=compress&fit=crop","price":"3.99","pricePer":"$0.22 / oz","purchaseUnit":"18.3 oz"},{"mainCategory":"Pantry","categoryName":"Canned & Jarred","subCategoryName":"Tomatoes","title":"Organic Fire Roasted Crushed Tomatoes","producer":"Muir Glen Organic","photoPath":"https://goodeggs4.imgix.net/3712787d-2d46-42c4-96a0-f6e3f9b9ef45.jpg?w=380&h=238&fm=jpg&auto=compress&fit=crop","price":"2.49","pricePer":"$0.17 / oz","purchaseUnit":"14.5 oz"},{"mainCategory":"Pantry","categoryName":"Canned & Jarred","subCategoryName":"Tomatoes","title":"Italian Whole Peeled Tomatoes","producer":"Mutti","photoPath":"https://goodeggs4.imgix.net/1be6ddc2-c6dd-4314-a95c-72da284864e6.jpg?w=380&h=238&fm=jpg&auto=compress&fit=crop","price":"3.49","pricePer":"$0.12 / oz","purchaseUnit":"28 oz"},{"mainCategory":"Pantry","categoryName":"Canned & Jarred","subCategoryName":"Tomatoes","title":"Organic Unsalted Strained Tomatoes","producer":"Bionaturæ","photoPath":"https://goodeggs4.imgix.net/72bc1e6e-6544-4b86-9329-1dba45f183e5.jpg?w=380&h=238&fm=jpg&auto=compress&fit=crop","price":"3.69","pricePer":"$0.15 / oz","purchaseUnit":"24 oz"},{"mainCategory":"Pantry","categoryName":"Canned & Jarred","subCategoryName":"Tomatoes","title":"Polpa - Italian Finely Chopped Tomatoes","producer":"Mutti","photoPath":"https://goodeggs4.imgix.net/5ad698f6-3c6c-4c1b-9abb-b1e17a0820d3.jpg?w=380&h=238&fm=jpg&auto=compress&fit=crop","price":"3.49","pricePer":"$0.12 / oz","purchaseUnit":"28 oz"},{"mainCategory":"Pantry","categoryName":"Canned & Jarred","subCategoryName":"Tomatoes","title":"Organic Diced Tomatoes","producer":"Jovial","photoPath":"https://goodeggs4.imgix.net/f2f7b6a2-93e0-4ed4-bb19-43d627fb6466.jpg?w=380&h=238&fm=jpg&auto=compress&fit=crop","price":"3.99","pricePer":"$0.22 / oz","purchaseUnit":"18.3 oz"},{"mainCategory":"Pantry","categoryName":"Canned & Jarred","subCategoryName":"Tomatoes","title":"Organic Diced Tomatoes with Basil & Garlic","producer":"Muir Glen Organic","photoPath":"https://goodeggs4.imgix.net/e2ed13da-5922-40f8-b86a-11bcb156d02f.jpg?w=380&h=238&fm=jpg&auto=compress&fit=crop","price":"2.39","pricePer":"$0.16 / oz","purchaseUnit":"14.5 oz"},{"mainCategory":"Pantry","categoryName":"Canned & Jarred","subCategoryName":"Tomatoes","title":"Sun-dried Tomatoes in Oil","producer":"Jeff's Naturals","photoPath":"https://goodeggs4.imgix.net/4660a50e-803d-4980-b3eb-11074f46ef82.jpg?w=380&h=238&fm=jpg&auto=compress&fit=crop","price":"4.99","pricePer":"$0.62 / oz","purchaseUnit":"8 fl oz"},{"mainCategory":"Pantry","categoryName":"Canned & Jarred","subCategoryName":"Tomatoes","title":"Organic Sun Dried Tomatoes","producer":"Tierra Farm","photoPath":"https://goodeggs4.imgix.net/3a5dcad3-fb49-4e31-957e-85dc966e7d37.jpg?w=380&h=238&fm=jpg&auto=compress&fit=crop","price":"5.99","pricePer":"$0.99 / oz","purchaseUnit":"6 oz"},{"mainCategory":"Pantry","categoryName":"Canned & Jarred","subCategoryName":"Canned Fish","title":"Bonito del Norte Tuna in Olive Oil","producer":"Ortiz","photoPath":"https://goodeggs4.imgix.net/a6e97bf0-8251-464a-8c6e-4c5e74b1bde6.jpg?w=380&h=238&fm=jpg&auto=compress&fit=crop","price":"6.99","pricePer":"$2.41 / oz","purchaseUnit":"2.89 oz"},{"mainCategory":"Pantry","categoryName":"Canned & Jarred","subCategoryName":"Canned Fish","title":"Bonito del Norte Tuna in Olive Oil","producer":"Ortiz","photoPath":"https://goodeggs4.imgix.net/6f73cf09-f702-4747-b68a-85f299597528.jpg?w=380&h=238&fm=jpg&auto=compress&fit=crop","price":"14.99","pricePer":"$1.70 / oz","purchaseUnit":"8.8 oz"},{"mainCategory":"Pantry","categoryName":"Canned & Jarred","subCategoryName":"Canned Fish","title":"Wild Yellowtail Fillets in Extra Virgin Olive Oil","producer":"Wild Planet","photoPath":"https://goodeggs4.imgix.net/cb25894b-3276-4176-b7a9-8bae9f7096ba.jpg?w=380&h=238&fm=jpg&auto=compress&fit=crop","price":"4.99","pricePer":"$1.13 / oz","purchaseUnit":"4.4 oz"},{"mainCategory":"Pantry","categoryName":"Canned & Jarred","subCategoryName":"Canned Fish","title":"Boneless Skinless Wild Sardine Fillets in Olive Oil","producer":"Wild Planet","photoPath":"https://goodeggs4.imgix.net/11e5be99-352f-4096-a849-843615a10c4c.jpg?w=380&h=238&fm=jpg&auto=compress&fit=crop","price":"3.39","pricePer":"$0.79 / oz","purchaseUnit":"4.25 oz"},{"mainCategory":"Pantry","categoryName":"Canned & Jarred","subCategoryName":"Canned Fish","title":"Wild Pacific Sardines in Extra Virgin Olive Oil","producer":"Wild Planet","photoPath":"https://goodeggs4.imgix.net/ac4eb8c6-9397-49b4-80b0-1734c14fc8ad.jpg?w=380&h=238&fm=jpg&auto=compress&fit=crop","price":"2.99","pricePer":"$0.67 / oz","purchaseUnit":"4.4 oz"},{"mainCategory":"Pantry","categoryName":"Canned & Jarred","subCategoryName":"Canned Fish","title":"Wild Pacific Sardines in Water","producer":"Wild Planet","photoPath":"https://goodeggs4.imgix.net/7d84e484-966d-4786-8864-ef24c5c4c575.jpg?w=380&h=238&fm=jpg&auto=compress&fit=crop","price":"2.99","pricePer":"$0.67 / oz","purchaseUnit":"4.4 oz"},{"mainCategory":"Pantry","categoryName":"Canned & Jarred","subCategoryName":"Canned Fish","title":"Chunk Albacore Tuna in Water","producer":"Sustainable Seas","photoPath":"https://goodeggs4.imgix.net/7499e8e7-772b-4668-858b-6e0deba107db.jpg?w=380&h=238&fm=jpg&auto=compress&fit=crop","price":"3.99","pricePer":"$0.79 / oz","purchaseUnit":"5 oz"},{"mainCategory":"Pantry","categoryName":"Canned & Jarred","subCategoryName":"Canned Fish","title":"No Salt Added Wild Albacore Tuna","producer":"Wild Planet","photoPath":"https://goodeggs4.imgix.net/9f1003c0-04d8-4035-8843-e8fdcf91a00c.jpg?w=380&h=238&fm=jpg&auto=compress&fit=crop","price":"4.99","pricePer":"$0.99 / oz","purchaseUnit":"5 oz"},{"mainCategory":"Pantry","categoryName":"Canned & Jarred","subCategoryName":"Canned Fish","title":"Wild Albacore Tuna with Sea Salt","producer":"Wild Planet","photoPath":"https://goodeggs4.imgix.net/d4ef2bd9-bf94-4a36-a209-514ce334c84b.jpg?w=380&h=238&fm=jpg&auto=compress&fit=crop","price":"4.99","pricePer":"$0.99 / oz","purchaseUnit":"5 oz"},{"mainCategory":"Pantry","categoryName":"Canned & Jarred","subCategoryName":"Canned Fish","title":"No-Salt Added Chunk Albacore Tuna in Water","producer":"Sustainable Seas","photoPath":"https://goodeggs4.imgix.net/b26549c9-29d3-435b-8885-972c33c481ef.jpg?w=380&h=238&fm=jpg&auto=compress&fit=crop","price":"3.99","pricePer":"$0.79 / oz","purchaseUnit":"5 oz"},{"mainCategory":"Pantry","categoryName":"Canned & Jarred","subCategoryName":"Canned Fish","title":"No Salt Added Pole Caught Albacore Tuna Steak","producer":"American Tuna","photoPath":"https://goodeggs4.imgix.net/81675097-3219-42a7-8f9d-1f764fd0386f.jpg?w=380&h=238&fm=jpg&auto=compress&fit=crop","price":"6.99","pricePer":"$1.16 / oz","purchaseUnit":"6 oz"},{"mainCategory":"Pantry","categoryName":"Canned & Jarred","subCategoryName":"Canned Fish","title":"Smoked Pole Caught Albacore Tuna Fillets","producer":"American Tuna","photoPath":"https://goodeggs4.imgix.net/e883d44d-1cd1-4eab-9867-c2c78d88784e.jpg?w=380&h=238&fm=jpg&auto=compress&fit=crop","price":"6.99","pricePer":"$1.16 / oz","purchaseUnit":"6 oz"},{"mainCategory":"Pantry","categoryName":"Canned & Jarred","subCategoryName":"Canned Fish","title":"Pole Caught Albacore Tuna Steak with Sea Salt","producer":"American Tuna","photoPath":"https://goodeggs4.imgix.net/43c9c943-1ccf-4d09-b496-b18f56e67d0c.jpg?w=380&h=238&fm=jpg&auto=compress&fit=crop","price":"6.99","pricePer":"$1.16 / oz","purchaseUnit":"6 oz"},{"mainCategory":"Pantry","categoryName":"Canned & Jarred","subCategoryName":"Canned Fish","title":"Wild Albacore Tuna Pouch","producer":"Wild Planet","photoPath":"https://goodeggs4.imgix.net/5872ce13-7fbf-4c7b-8abe-e71db088365b.jpg?w=380&h=238&fm=jpg&auto=compress&fit=crop","price":"4.99","pricePer":"$1.66 / oz","purchaseUnit":"3 oz"},{"mainCategory":"Pantry","categoryName":"Canned & Jarred","subCategoryName":"Canned Fish","title":"Wild White Anchovies in Extra Virgin Olive Oil","producer":"Wild Planet","photoPath":"https://goodeggs4.imgix.net/c9469f6c-cef0-4b62-9296-639332e2abc2.jpg?w=380&h=238&fm=jpg&auto=compress&fit=crop","price":"2.99","pricePer":"$0.68 / oz","purchaseUnit":"4.375 oz"},{"mainCategory":"Pantry","categoryName":"Canned & Jarred","subCategoryName":"Canned Fish","title":"Anchovy Fillets in Oil","producer":"Ortiz","photoPath":"https://goodeggs4.imgix.net/8163703f-0630-45a3-86d4-7d2c3297b90e.jpg?w=380&h=238&fm=jpg&auto=compress&fit=crop","price":"12.99","pricePer":"$3.87 / oz","purchaseUnit":"3.35 oz"},{"mainCategory":"Pantry","categoryName":"Canned & Jarred","subCategoryName":"Canned Fish","title":"Wild Mackerel Fillets in Extra Virgin Olive Oil","producer":"Wild Planet","photoPath":"https://goodeggs4.imgix.net/852f0fd0-da34-43f0-b45d-3f652d7db465.jpg?w=380&h=238&fm=jpg&auto=compress&fit=crop","price":"3.49","pricePer":"$0.79 / oz","purchaseUnit":"4.4 oz"},{"mainCategory":"Pantry","categoryName":"Canned & Jarred","subCategoryName":"Canned Fish","title":"Wild Alaska Pink Salmon","producer":"Wild Planet","photoPath":"https://goodeggs4.imgix.net/dce18ff3-7274-44f2-be8d-c872b92503fb.jpg?w=380&h=238&fm=jpg&auto=compress&fit=crop","price":"5.49","pricePer":"$0.91 / oz","purchaseUnit":"6 oz"},{"mainCategory":"Pantry","categoryName":"Canned & Jarred","subCategoryName":"Canned Fish","title":"No Salt Added Wild Pink Salmon","producer":"Wild Planet","photoPath":"https://goodeggs4.imgix.net/2c6efb6b-42d0-4fb9-8bed-24321a46b6c6.jpg?w=380&h=238&fm=jpg&auto=compress&fit=crop","price":"5.49","pricePer":"$0.91 / oz","purchaseUnit":"6 oz"},{"mainCategory":"Pantry","categoryName":"Canned & Jarred","subCategoryName":"Canned Fish","title":"Lemon Herb Mussels","producer":"Patagonia Provisions","photoPath":"https://goodeggs4.imgix.net/030c6012-3090-4f61-92b6-02f0ddf185c1.jpg?w=380&h=238&fm=jpg&auto=compress&fit=crop","price":"7.49","pricePer":"$1.78 / oz","purchaseUnit":"4.2 oz"},{"mainCategory":"Pantry","categoryName":"Canned & Jarred","subCategoryName":"Canned Fish","title":"Smoked Mussels","producer":"Patagonia Provisions","photoPath":"https://goodeggs4.imgix.net/b9eb5410-2d06-487e-85fe-1511d227c61d.jpg?w=380&h=238&fm=jpg&auto=compress&fit=crop","price":"7.49","pricePer":"$1.78 / oz","purchaseUnit":"4.2 oz"},{"mainCategory":"Pantry","categoryName":"Canned & Jarred","subCategoryName":"Canned Fish","title":"Savory Sofrito Mussels","producer":"Patagonia Provisions","photoPath":"https://goodeggs4.imgix.net/b3c7b75a-94dc-40f3-a4b6-1db6d4feebe9.jpg?w=380&h=238&fm=jpg&auto=compress&fit=crop","price":"7.49","pricePer":"$1.78 / oz","purchaseUnit":"4.2 oz"},{"mainCategory":"Pantry","categoryName":"Canned & Jarred","subCategoryName":"Canned Fish","title":"Ontario Trout With Dill","producer":"Scout","photoPath":"https://goodeggs4.imgix.net/f96e5b72-44d0-45ea-b79e-a27a9b30cf06.jpg?w=380&h=238&fm=jpg&auto=compress&fit=crop","price":"7.99","pricePer":"$2.57 / oz","purchaseUnit":"3.1 oz"},{"mainCategory":"Pantry","categoryName":"Canned & Jarred","subCategoryName":"Canned Fish","title":"Wild Albacore Tuna With Extra Virgin Olive Oil","producer":"Scout","photoPath":"https://goodeggs4.imgix.net/918f325a-b7ef-44a5-9af6-371bffbcd2c7.jpg?w=380&h=238&fm=jpg&auto=compress&fit=crop","price":"5.99","pricePer":"$1.87 / oz","purchaseUnit":"3.2 oz"},{"mainCategory":"Pantry","categoryName":"Canned & Jarred","subCategoryName":"Canned Fish","title":"Atlantic Canadian Lobster","producer":"Scout","photoPath":"https://goodeggs4.imgix.net/bc26298a-3d72-4ee0-bc39-2b1cbf5b45b1.jpg?w=380&h=238&fm=jpg&auto=compress&fit=crop","price":"10.99","pricePer":"$3.43 / oz","purchaseUnit":"3.2 oz"},{"mainCategory":"Pantry","categoryName":"Canned & Jarred","subCategoryName":"Canned Fish","title":"PEI Mussels in a Smoked Paprika and Fennel Tomato Sauce","producer":"Scout","photoPath":"https://goodeggs4.imgix.net/4c35f567-de04-4765-a131-7f227c40ed35.jpg?w=380&h=238&fm=jpg&auto=compress&fit=crop","price":"7.99","pricePer":"$2.28 / oz","purchaseUnit":"3.5 oz"},{"mainCategory":"Pantry","categoryName":"Canned & Jarred","subCategoryName":"Canned Fish","title":"Wild Albacore Tuna With Garden Herb Pesto","producer":"Scout","photoPath":"https://goodeggs4.imgix.net/0c66e5e1-fa7a-47a2-bfdc-4d4948e6acd6.jpg?w=380&h=238&fm=jpg&auto=compress&fit=crop","price":"5.99","pricePer":"$1.87 / oz","purchaseUnit":"3.2 oz"},{"mainCategory":"Pantry","categoryName":"Canned & Jarred","subCategoryName":"Canned Fish","title":"Skip Jack Tuna Pouch","producer":"Wild Planet","photoPath":"https://goodeggs4.imgix.net/ebc334f6-90c5-4428-b24d-b6f2ab7ccaf7.jpg?w=380&h=238&fm=jpg&auto=compress&fit=crop","price":"3.99","pricePer":"$1.33 / oz","purchaseUnit":"3 oz"},{"mainCategory":"Pantry","categoryName":"Canned & Jarred","subCategoryName":"Applesauce & Fruit","title":"Organic Pumpkin Puree","producer":"Farmer's Market Foods","photoPath":"https://goodeggs4.imgix.net/0a3d06f1-ce7f-46d9-9cf8-3a13f1ff8617.jpg?w=380&h=238&fm=jpg&auto=compress&fit=crop","price":"2.49","pricePer":"$0.17 / oz","purchaseUnit":"15 oz"},{"mainCategory":"Pantry","categoryName":"Canned & Jarred","subCategoryName":"Applesauce & Fruit","title":"Organic Applesauce Pouches","producer":"North Coast","photoPath":"https://goodeggs4.imgix.net/329eaa76-2fc1-4891-9cd0-9d3fb550a658.jpg?w=380&h=238&fm=jpg&auto=compress&fit=crop","price":"3.69","pricePer":"$0.29 / oz","purchaseUnit":"4 count"},{"mainCategory":"Pantry","categoryName":"Canned & Jarred","subCategoryName":"Applesauce & Fruit","title":"Organic Probiotic Applesauce","producer":"North Coast","photoPath":"https://goodeggs4.imgix.net/7e839b5b-a4fd-4288-93f6-86a484293090.jpg?w=380&h=238&fm=jpg&auto=compress&fit=crop","price":"3.99","pricePer":"$0.31 / oz","purchaseUnit":"4 count"},{"mainCategory":"Pantry","categoryName":"Canned & Jarred","subCategoryName":"Applesauce & Fruit","title":"Organic Cinnamon Applesauce Pouches","producer":"North Coast","photoPath":"https://goodeggs4.imgix.net/5c5e14d2-f5a1-444e-ad19-3c5e7af00dd7.jpg?w=380&h=238&fm=jpg&auto=compress&fit=crop","price":"3.69","pricePer":"$0.29 / oz","purchaseUnit":"4 count"},{"mainCategory":"Pantry","categoryName":"Canned & Jarred","subCategoryName":"Applesauce & Fruit","title":"Biodynamic Apple & Pear Sauce","producer":"White Leaf Provisions","photoPath":"https://goodeggs4.imgix.net/d96e56e7-ec53-46a0-87a4-f62a956332b0.jpg?w=380&h=238&fm=jpg&auto=compress&fit=crop","price":"7.99","pricePer":"$0.49 / oz","purchaseUnit":"4 count"},{"mainCategory":"Pantry","categoryName":"Canned & Jarred","subCategoryName":"Applesauce & Fruit","title":"Biodynamic Cinnamon Applesauce","producer":"White Leaf Provisions","photoPath":"https://goodeggs4.imgix.net/b25bcdc0-c49a-49d1-a45b-9b8b37f0abd7.png?w=380&h=238&fm=jpg&auto=compress&fit=crop","price":"7.99","pricePer":"$0.49 / oz","purchaseUnit":"4 count"},{"mainCategory":"Pantry","categoryName":"Canned & Jarred","subCategoryName":"Applesauce & Fruit","title":"Organic Apple Sauce","producer":"North Coast","photoPath":"https://goodeggs4.imgix.net/e9cb94d6-25ce-4db8-aa0b-243e2203b840.jpg?w=380&h=238&fm=jpg&auto=compress&fit=crop","price":"3.99","pricePer":"$0.17 / oz","purchaseUnit":"24 oz"},{"mainCategory":"Pantry","categoryName":"Canned & Jarred","subCategoryName":"Applesauce & Fruit","title":"Organic Pineapple Chunks","producer":"Native Forest","photoPath":"https://goodeggs4.imgix.net/52d1340a-5987-4c56-b8d2-bfc42a97506b.jpg?w=380&h=238&fm=jpg&auto=compress&fit=crop","price":"4.39","pricePer":"$0.31 / oz","purchaseUnit":"14 oz"},{"mainCategory":"Pantry","categoryName":"Canned & Jarred","subCategoryName":"Applesauce & Fruit","title":"Organic Sliced Peaches","producer":"Native Forest","photoPath":"https://goodeggs4.imgix.net/82e5a36e-6960-4fb0-a8c4-3821c265817e.jpg?w=380&h=238&fm=jpg&auto=compress&fit=crop","price":"4.39","pricePer":"$0.29 / oz","purchaseUnit":"15 oz"},{"mainCategory":"Pantry","categoryName":"Canned & Jarred","subCategoryName":"Applesauce & Fruit","title":"Organic Crushed Pineapple","producer":"Native Forest","photoPath":"https://goodeggs4.imgix.net/8518452c-2b06-4647-864d-d0b26a29e7ab.jpg?w=380&h=238&fm=jpg&auto=compress&fit=crop","price":"4.39","pricePer":"$0.31 / oz","purchaseUnit":"14 oz"},{"mainCategory":"Pantry","categoryName":"Canned & Jarred","subCategoryName":"Applesauce & Fruit","title":"Organic Pineapple Slices","producer":"Native Forest","photoPath":"https://goodeggs4.imgix.net/bce312bb-f993-4b0f-b149-03452b637003.jpg?w=380&h=238&fm=jpg&auto=compress&fit=crop","price":"4.39","pricePer":"$0.29 / oz","purchaseUnit":"15 oz"},{"mainCategory":"Pantry","categoryName":"Canned & Jarred","subCategoryName":"Applesauce & Fruit","title":"Bada Bing Cherries","producer":"Stonewall Kitchen","photoPath":"https://goodeggs4.imgix.net/9412d772-d739-4606-8a29-11eb2c77bb4a.jpg?w=380&h=238&fm=jpg&auto=compress&fit=crop","price":"7.99","pricePer":"$0.59 / oz","purchaseUnit":"13.5 oz"},{"mainCategory":"Pantry","categoryName":"Canned & Jarred","subCategoryName":"Applesauce & Fruit","title":"Maraschino Cherries","producer":"Stonewall Kitchen","photoPath":"https://goodeggs4.imgix.net/506ae437-b4aa-4d86-852f-131a41be9ab4.jpg?w=380&h=238&fm=jpg&auto=compress&fit=crop","price":"7.99","pricePer":"$0.59 / oz","purchaseUnit":"13.5 oz"},{"mainCategory":"Pantry","categoryName":"Canned & Jarred","subCategoryName":"Applesauce & Fruit","title":"Organic Sweet Potato Puree","producer":"Farmer's Market Foods","photoPath":"https://goodeggs4.imgix.net/2f3f018f-db1f-41d3-9ce5-44546269c4b0.jpg?w=380&h=238&fm=jpg&auto=compress&fit=crop","price":"2.49","pricePer":null,"purchaseUnit":"15 oz"},{"mainCategory":"Pantry","categoryName":"Canned & Jarred","subCategoryName":"Applesauce & Fruit","title":"Organic Jellied Cranberry Sauce","producer":"Woodstock","photoPath":"https://goodeggs4.imgix.net/31816383-28c0-4612-a38f-4610b78a9896.jpg?w=380&h=238&fm=jpg&auto=compress&fit=crop","price":"3.69","pricePer":"$0.26 / oz","purchaseUnit":"14 oz"},{"mainCategory":"Pantry","categoryName":"Canned & Jarred","subCategoryName":"Applesauce & Fruit","title":"Organic Whole Berry Cranberry Sauce","producer":"Woodstock","photoPath":"https://goodeggs4.imgix.net/54616d93-4b42-4bc9-a482-faa282375fdb.jpg?w=380&h=238&fm=jpg&auto=compress&fit=crop","price":"3.49","pricePer":"$0.25 / oz","purchaseUnit":"14 oz"},{"mainCategory":"Pantry","categoryName":"Pickles & Olives","subCategoryName":"Olives & Capers","title":"Organic Pitted Castelvetrano Olives","producer":"Asaro Organic Farm","photoPath":"https://goodeggs4.imgix.net/b0c8589f-113f-45dd-9ac7-7666617a0fef.jpg?w=380&h=238&fm=jpg&auto=compress&fit=crop","price":"6.99","pricePer":"$1.55 / oz","purchaseUnit":"4.5 oz"},{"mainCategory":"Pantry","categoryName":"Pickles & Olives","subCategoryName":"Olives & Capers","title":"Organic Pitted Kalamata Olives","producer":"Jeff's Naturals","photoPath":"https://goodeggs4.imgix.net/55bc8c28-d392-4ebf-ac83-6acf21420e01.jpg?w=380&h=238&fm=jpg&auto=compress&fit=crop","price":"6.49","pricePer":"$0.92 / oz","purchaseUnit":"7 oz"},{"mainCategory":"Pantry","categoryName":"Pickles & Olives","subCategoryName":"Olives & Capers","title":"Non-Pareil Capers","producer":"Jeff's Naturals","photoPath":"https://goodeggs4.imgix.net/974dfbbd-a57e-4751-8569-9049dfabbca8.jpg?w=380&h=238&fm=jpg&auto=compress&fit=crop","price":"4.29","pricePer":"$0.71 / oz","purchaseUnit":"6 oz"},{"mainCategory":"Pantry","categoryName":"Pickles & Olives","subCategoryName":"Olives & Capers","title":"Sun-dried Tomatoes in Oil","producer":"Jeff's Naturals","photoPath":"https://goodeggs4.imgix.net/4660a50e-803d-4980-b3eb-11074f46ef82.jpg?w=380&h=238&fm=jpg&auto=compress&fit=crop","price":"4.99","pricePer":"$0.62 / oz","purchaseUnit":"8 fl oz"},{"mainCategory":"Pantry","categoryName":"Pickles & Olives","subCategoryName":"Olives & Capers","title":"Sliced Mild Jalapeños","producer":"Jeff's Naturals","photoPath":"https://goodeggs4.imgix.net/a18965f9-3ce7-4e05-aeb1-1db49b5ec519.jpg?w=380&h=238&fm=jpg&auto=compress&fit=crop","price":"2.99","pricePer":"$0.25 / fl oz","purchaseUnit":"12 fl oz"},{"mainCategory":"Pantry","categoryName":"Pickles & Olives","subCategoryName":"Olives & Capers","title":"Sliced Greek Peperoncini","producer":"Jeff's Naturals","photoPath":"https://goodeggs4.imgix.net/53b3c241-5e50-46fb-96b1-d3930bfbe0c0.jpg?w=380&h=238&fm=jpg&auto=compress&fit=crop","price":"2.99","pricePer":"$0.25 / fl oz","purchaseUnit":"12 fl oz"},{"mainCategory":"Pantry","categoryName":"Pickles & Olives","subCategoryName":"Olives & Capers","title":"Roasted Red Pepper Strips","producer":"Jeff's Naturals","photoPath":"https://goodeggs4.imgix.net/d8f1eff5-3a80-4e96-a8df-a5c89dddab1a.jpg?w=380&h=238&fm=jpg&auto=compress&fit=crop","price":"3.99","pricePer":"$0.33 / fl oz","purchaseUnit":"12 fl oz"},{"mainCategory":"Pantry","categoryName":"Pickles & Olives","subCategoryName":"Olives & Capers","title":"Sliced Hot Cherry Peppers","producer":"Jeff's Naturals","photoPath":"https://goodeggs4.imgix.net/f18a9890-79cd-43b1-b2e6-59a20f4cd7cd.jpg?w=380&h=238&fm=jpg&auto=compress&fit=crop","price":"2.99","pricePer":"$0.25 / fl oz","purchaseUnit":"12 fl oz"},{"mainCategory":"Pantry","categoryName":"Pickles & Olives","subCategoryName":"Olives & Capers","title":"Greek Peperoncini","producer":"Jeff's Naturals","photoPath":"https://goodeggs4.imgix.net/303b1243-d9bd-451b-acaa-a3bc51342305.jpg?w=380&h=238&fm=jpg&auto=compress&fit=crop","price":"2.99","pricePer":"$0.25 / fl oz","purchaseUnit":"12 fl oz"},{"mainCategory":"Pantry","categoryName":"Pickles & Olives","subCategoryName":"Olives & Capers","title":"Castelvetrano Olives","producer":"Jeff's Naturals","photoPath":"https://goodeggs4.imgix.net/c8abf68e-17f3-4838-9999-3cd9cb9ec73e.jpg?w=380&h=238&fm=jpg&auto=compress&fit=crop","price":"6.49","pricePer":"$0.86 / oz","purchaseUnit":"7.5 oz"},{"mainCategory":"Pantry","categoryName":"Pickles & Olives","subCategoryName":"Olives & Capers","title":"Raw Kalamata Olives","producer":"Good Faith Organic Farm","photoPath":"https://goodeggs4.imgix.net/5814cdeb-001a-4a17-abe7-7985ea055d2e.jpg?w=380&h=238&fm=jpg&auto=compress&fit=crop","price":"10.99","pricePer":"$1.09 / oz","purchaseUnit":"10 oz"},{"mainCategory":"Pantry","categoryName":"Pickles & Olives","subCategoryName":"Olives & Capers","title":"Cold-Cured Manzanilla Olives with Garlic & Oregano","producer":"Good Faith Organic Farm","photoPath":"https://goodeggs4.imgix.net/cbf4c7dc-d8c0-41db-87cb-5b104a18d568.jpg?w=380&h=238&fm=jpg&auto=compress&fit=crop","price":"12.99","pricePer":null,"purchaseUnit":"10 oz"},{"mainCategory":"Pantry","categoryName":"Pickles & Olives","subCategoryName":"Olives & Capers","title":"Cold-Cured Manzanilla Olives with Lime & Jalapeno","producer":"Good Faith Organic Farm","photoPath":"https://goodeggs4.imgix.net/f7dc1208-8b37-4a08-86bf-936e6415da05.jpg?w=380&h=238&fm=jpg&auto=compress&fit=crop","price":"12.99","pricePer":null,"purchaseUnit":"10 oz"},{"mainCategory":"Pantry","categoryName":"Pickles & Olives","subCategoryName":"Olives & Capers","title":"Cold-Cured Manzanilla Olives with Moroccan Spice","producer":"Good Faith Organic Farm","photoPath":"https://goodeggs4.imgix.net/946a4dbd-cba3-4671-b374-a831cb2e7556.jpg?w=380&h=238&fm=jpg&auto=compress&fit=crop","price":"12.99","pricePer":null,"purchaseUnit":"10 oz"},{"mainCategory":"Pantry","categoryName":"Pickles & Olives","subCategoryName":"Olives & Capers","title":"Cold-Cured Manzanilla Olives with Vinegar & Thyme","producer":"Good Faith Organic Farm","photoPath":"https://goodeggs4.imgix.net/441f9cfa-e6ca-445e-a849-6b253f5a72d8.jpg?w=380&h=238&fm=jpg&auto=compress&fit=crop","price":"12.99","pricePer":null,"purchaseUnit":"10 oz"},{"mainCategory":"Pantry","categoryName":"Pickles & Olives","subCategoryName":"Pickles","title":"Manhattan Style Whole Kosher Pickles","producer":"Sonoma Brinery","photoPath":"https://goodeggs4.imgix.net/52028a0e-0f7c-4027-8b7f-3860346b81dc.jpg?w=380&h=238&fm=jpg&auto=compress&fit=crop","price":"6.99","pricePer":"$0.22 / fl oz","purchaseUnit":"32 fl oz"},{"mainCategory":"Pantry","categoryName":"Pickles & Olives","subCategoryName":"Pickles","title":"Bread & Butter Pickles","producer":"Sonoma Brinery","photoPath":"https://goodeggs4.imgix.net/b0c78e9e-64f2-4bf5-9538-6231333f9e3f.jpg?w=380&h=238&fm=jpg&auto=compress&fit=crop","price":"3.99","pricePer":"$0.25 / fl oz","purchaseUnit":"16 fl oz"},{"mainCategory":"Pantry","categoryName":"Pickles & Olives","subCategoryName":"Pickles","title":"Bread 'N' Buttah","producer":"Ugly Pickle Co.","photoPath":"https://goodeggs4.imgix.net/2b915d41-e625-48ca-9f4e-ff91bcd56562.jpg?w=380&h=238&fm=jpg&auto=compress&fit=crop","price":"8.29","pricePer":null,"purchaseUnit":"16 fl oz"},{"mainCategory":"Pantry","categoryName":"Pickles & Olives","subCategoryName":"Pickles","title":"Salt-Preserved Meyer Lemon","producer":"INNA","photoPath":"https://goodeggs4.imgix.net/799a85eb-5d59-455f-90b9-b83cadc6a23d.jpg?w=380&h=238&fm=jpg&auto=compress&fit=crop","price":"12.99","pricePer":"$1.44 / oz","purchaseUnit":"9 oz"},{"mainCategory":"Pantry","categoryName":"Pickles & Olives","subCategoryName":"Pickles","title":"Umeboshi Pickled Plums","producer":"Yumé Boshi","photoPath":"https://goodeggs4.imgix.net/5d0dec73-0e8d-4055-b37f-43d2a1bb947e.jpg?w=380&h=238&fm=jpg&auto=compress&fit=crop","price":"19.79","pricePer":"$2.19 / oz","purchaseUnit":"9 oz"},{"mainCategory":"Pantry","categoryName":"Pickles & Olives","subCategoryName":"Pickles","title":"Spicy Pickled Green Beans","producer":"Rick's Picks","photoPath":"https://goodeggs4.imgix.net/d454042a-f336-4332-8bc8-1dfdc87bf609.jpg?w=380&h=238&fm=jpg&auto=compress&fit=crop","price":"8.99","pricePer":"$0.56 / oz","purchaseUnit":"16 oz"},{"mainCategory":"Pantry","categoryName":"Pickles & Olives","subCategoryName":"Pickles","title":"Burger Party Dill","producer":"Ugly Pickle Co.","photoPath":"https://goodeggs4.imgix.net/48ada2b8-3157-456d-a40f-3939b0348c61.jpg?w=380&h=238&fm=jpg&auto=compress&fit=crop","price":"8.29","pricePer":null,"purchaseUnit":"16 fl oz"},{"mainCategory":"Pantry","categoryName":"Pickles & Olives","subCategoryName":"Pickles","title":"Dilly Carrots","producer":"Ugly Pickle Co.","photoPath":"https://goodeggs4.imgix.net/cb0e4421-1f7c-42e5-b6cf-da9875084726.jpg?w=380&h=238&fm=jpg&auto=compress&fit=crop","price":"8.29","pricePer":null,"purchaseUnit":"16 fl oz"},{"mainCategory":"Pantry","categoryName":"Pickles & Olives","subCategoryName":"Pickles","title":"Giardiniera","producer":"Jeff's Naturals","photoPath":"https://goodeggs4.imgix.net/575a1334-00cc-49c0-94aa-f1d0dbfa343f.jpeg?w=380&h=238&fm=jpg&auto=compress&fit=crop","price":"3.99","pricePer":"$0.33 / oz","purchaseUnit":"12 oz"},{"mainCategory":"Pantry","categoryName":"Pickles & Olives","subCategoryName":"Pickles","title":"Akka's Eggplant Relish - Indian Pickle","producer":"Akka's Handcrafted Foods","photoPath":"https://goodeggs4.imgix.net/8e8db928-ffab-411c-81fe-a9ad5cc49e80.jpg?w=380&h=238&fm=jpg&auto=compress&fit=crop","price":"8.99","pricePer":"$1.38 / oz","purchaseUnit":"6.5 oz"},{"mainCategory":"Pantry","categoryName":"Pickles & Olives","subCategoryName":"Kraut & Kimchi","title":"Spicy Red Napa Cabbage Kimchi","producer":"Sinto Gourmet","photoPath":"https://goodeggs4.imgix.net/c37be067-f84d-4764-9da0-f98b113c244e.jpg?w=380&h=238&fm=jpg&auto=compress&fit=crop","price":"6.49","pricePer":"$0.46 / oz","purchaseUnit":"14 oz"},{"mainCategory":"Pantry","categoryName":"Pickles & Olives","subCategoryName":"Kraut & Kimchi","title":"Mild White Napa Cabbage Kimchi","producer":"Sinto Gourmet","photoPath":"https://goodeggs4.imgix.net/d1a1f110-563d-4ca6-a0d8-29ac394a0751.jpg?w=380&h=238&fm=jpg&auto=compress&fit=crop","price":"6.49","pricePer":"$0.46 / oz","purchaseUnit":"14 oz"},{"mainCategory":"Pantry","categoryName":"Pickles & Olives","subCategoryName":"Kraut & Kimchi","title":"Bok Choy Kimchi","producer":"Volcano Kimchi","photoPath":"https://goodeggs4.imgix.net/7f0b813a-b5ac-421f-af80-05df4b1a2105.jpg?w=380&h=238&fm=jpg&auto=compress&fit=crop","price":"15.99","pricePer":"$0.99 / oz","purchaseUnit":"16 oz"},{"mainCategory":"Pantry","categoryName":"Pickles & Olives","subCategoryName":"Kraut & Kimchi","title":"Jicama Kimchi","producer":"Volcano Kimchi","photoPath":"https://goodeggs4.imgix.net/51b8b60c-a7fb-4117-aa8c-a210815550a9.jpg?w=380&h=238&fm=jpg&auto=compress&fit=crop","price":"12.99","pricePer":"$0.81 / oz","purchaseUnit":"16 oz"},{"mainCategory":"Pantry","categoryName":"Pickles & Olives","subCategoryName":"Kraut & Kimchi","title":"Spicy Red Radish Kimchi","producer":"Sinto Gourmet","photoPath":"https://goodeggs4.imgix.net/3bc5e4fb-c9ee-4efb-aeb0-a62aeaa31d64.jpg?w=380&h=238&fm=jpg&auto=compress&fit=crop","price":"6.49","pricePer":"$0.46 / oz","purchaseUnit":"14 oz"},{"mainCategory":"Pantry","categoryName":"Pickles & Olives","subCategoryName":"Kraut & Kimchi","title":"Plenty Roots Kimchi","producer":"Sinto Gourmet","photoPath":"https://goodeggs4.imgix.net/7fccd8eb-81af-404c-953c-bfab9454df33.jpg?w=380&h=238&fm=jpg&auto=compress&fit=crop","price":"6.49","pricePer":"$0.46 / oz","purchaseUnit":"14 oz"},{"mainCategory":"Pantry","categoryName":"Pickles & Olives","subCategoryName":"Kraut & Kimchi","title":"Ssamjang","producer":"Volcano Kimchi","photoPath":"https://goodeggs4.imgix.net/21890ff2-1a73-4748-a2bf-39280b2f474d.jpg?w=380&h=238&fm=jpg&auto=compress&fit=crop","price":"10.99","pricePer":"$2.74 / oz","purchaseUnit":"4 oz"},{"mainCategory":"Pantry","categoryName":"Pickles & Olives","subCategoryName":"Kraut & Kimchi","title":"Organic Ginger Beet Probiotic Gut Shot","producer":"Farmhouse Culture","photoPath":"https://goodeggs4.imgix.net/68de7cc0-ddbb-44a1-9098-f634176fe8d0.jpg?w=380&h=238&fm=jpg&auto=compress&fit=crop","price":"6.99","pricePer":"$0.44 / fl oz","purchaseUnit":"16 fl oz"},{"mainCategory":"Pantry","categoryName":"Pickles & Olives","subCategoryName":"Kraut & Kimchi","title":"Organic Garlic Dill Pickle Probiotic Gut Shot","producer":"Farmhouse Culture","photoPath":"https://goodeggs4.imgix.net/579c2347-3412-4086-a771-777001aae1b2.jpg?w=380&h=238&fm=jpg&auto=compress&fit=crop","price":"6.99","pricePer":"$0.44 / fl oz","purchaseUnit":"16 fl oz"},{"mainCategory":"Pantry","categoryName":"Pickles & Olives","subCategoryName":"Kraut & Kimchi","title":"Raw Sauerkraut","producer":"Sonoma Brinery","photoPath":"https://goodeggs4.imgix.net/77d17fca-d9fa-446d-92f6-d223e02eafad.jpg?w=380&h=238&fm=jpg&auto=compress&fit=crop","price":"3.99","pricePer":"$0.25 / fl oz","purchaseUnit":"16 fl oz"},{"mainCategory":"Pantry","categoryName":"Pickles & Olives","subCategoryName":"Kraut & Kimchi","title":"Dill & Garlic Sauerkraut","producer":"Sonoma Brinery","photoPath":"https://goodeggs4.imgix.net/6f5cb828-1599-4e3d-b67a-fab4165e5de0.jpg?w=380&h=238&fm=jpg&auto=compress&fit=crop","price":"3.99","pricePer":"$0.25 / fl oz","purchaseUnit":"16 fl oz"},{"mainCategory":"Pantry","categoryName":"Pickles & Olives","subCategoryName":"Kraut & Kimchi","title":"Organic Super Sauerkraut Salad","producer":"The Cultured Pickle Shop","photoPath":"https://goodeggs4.imgix.net/6d7fc169-ae24-4d7a-9ba9-ad794c531f55.jpg?w=380&h=238&fm=jpg&auto=compress&fit=crop","price":"13.99","pricePer":"$0.99 / oz","purchaseUnit":"14 oz"},{"mainCategory":"Pantry","categoryName":"Pickles & Olives","subCategoryName":"Kraut & Kimchi","title":"Spicy Bread & Butter","producer":"Sonoma Brinery","photoPath":"https://goodeggs4.imgix.net/a01dfb10-20fa-49fe-a756-a490e89c5d31.jpg?w=380&h=238&fm=jpg&auto=compress&fit=crop","price":"3.99","pricePer":"$0.25 / fl oz","purchaseUnit":"16 fl oz"},{"mainCategory":"Pantry","categoryName":"Pickles & Olives","subCategoryName":"Kraut & Kimchi","title":"Organic Sea Kraut","producer":"The Cultured Pickle Shop","photoPath":"https://goodeggs4.imgix.net/108c5f36-f7b9-4ae5-a873-9a467496c4c2.jpg?w=380&h=238&fm=jpg&auto=compress&fit=crop","price":"13.99","pricePer":"$0.99 / oz","purchaseUnit":"14 oz"},{"mainCategory":"Pantry","categoryName":"Pickles & Olives","subCategoryName":"Kraut & Kimchi","title":"Organic Vintage Kraut","producer":"The Cultured Pickle Shop","photoPath":"https://goodeggs4.imgix.net/1b0d7a6b-c936-40d3-8a33-d1d6158c347f.jpg?w=380&h=238&fm=jpg&auto=compress&fit=crop","price":"12.99","pricePer":"$0.92 / oz","purchaseUnit":"14 oz"},{"mainCategory":"Pantry","categoryName":"Pickles & Olives","subCategoryName":"Kraut & Kimchi","title":"Organic Garlic Dill Pickle Kraut","producer":"Farmhouse Culture","photoPath":"https://goodeggs4.imgix.net/bc668af9-9944-4332-932a-96d936926791.jpg?w=380&h=238&fm=jpg&auto=compress&fit=crop","price":"6.99","pricePer":"$0.44 / oz","purchaseUnit":"16 oz"},{"mainCategory":"Pantry","categoryName":"Pickles & Olives","subCategoryName":"Kraut & Kimchi","title":"Organic Classic Caraway Kraut","producer":"Farmhouse Culture","photoPath":"https://goodeggs4.imgix.net/c06c919f-c1e8-41e5-a41d-fd2eef09b12c.jpg?w=380&h=238&fm=jpg&auto=compress&fit=crop","price":"6.99","pricePer":"$0.44 / oz","purchaseUnit":"16 oz"},{"mainCategory":"Pantry","categoryName":"Baking Ingredients","subCategoryName":"Vanilla & Extracts","title":"Organic Vanilla Extract","producer":"Singing Dog Vanilla","photoPath":"https://goodeggs4.imgix.net/871095f7-6f32-4915-bf1f-67f2e063738e.jpg?w=380&h=238&fm=jpg&auto=compress&fit=crop","price":"9.99","pricePer":"$4.99 / fl oz","purchaseUnit":"2 fl oz"},{"mainCategory":"Pantry","categoryName":"Baking Ingredients","subCategoryName":"Vanilla & Extracts","title":"Organic Vanilla Extract","producer":"Singing Dog Vanilla","photoPath":"https://goodeggs4.imgix.net/dc28507a-785e-4e57-94d3-7fb814f824eb.jpg?w=380&h=238&fm=jpg&auto=compress&fit=crop","price":"18.99","pricePer":"$4.74 / fl oz","purchaseUnit":"4 fl oz"},{"mainCategory":"Pantry","categoryName":"Baking Ingredients","subCategoryName":"Vanilla & Extracts","title":"Pure Vanilla Flavor","producer":"Singing Dog Vanilla","photoPath":"https://goodeggs4.imgix.net/092f1a11-e3a7-43e0-8136-137bbefa5930.jpg?w=380&h=238&fm=jpg&auto=compress&fit=crop","price":"9.99","pricePer":"$4.99 / fl oz","purchaseUnit":"2 fl oz"},{"mainCategory":"Pantry","categoryName":"Baking Ingredients","subCategoryName":"Vanilla & Extracts","title":"Organic Vanilla Beans","producer":"Singing Dog Vanilla","photoPath":"https://goodeggs4.imgix.net/47f196f4-3b69-4983-bcb3-f0168cf321e3.jpg?w=380&h=238&fm=jpg&auto=compress&fit=crop","price":"12.99","pricePer":null,"purchaseUnit":"2 count"},{"mainCategory":"Pantry","categoryName":"Baking Ingredients","subCategoryName":"Vanilla & Extracts","title":"Organic Vanilla Bean","producer":"Spicely Organics","photoPath":"https://goodeggs4.imgix.net/e77ac046-38f3-4930-83f1-3f0414bc0749.jpg?w=380&h=238&fm=jpg&auto=compress&fit=crop","price":"11.99","pricePer":null,"purchaseUnit":"1 count"},{"mainCategory":"Pantry","categoryName":"Baking Ingredients","subCategoryName":"Vanilla & Extracts","title":"Organic Almond Extract","producer":"Spicely Organics","photoPath":"https://goodeggs4.imgix.net/90d178bf-a510-4d84-836f-d33276174a36.jpg?w=380&h=238&fm=jpg&auto=compress&fit=crop","price":"7.99","pricePer":"$3.99 / fl oz","purchaseUnit":"2 fl oz"},{"mainCategory":"Pantry","categoryName":"Baking Ingredients","subCategoryName":"Pancakes & Waffle Mixes","title":"Buttermilk Pancake & Waffle Mix","producer":"Bob's Red Mill","photoPath":"https://goodeggs4.imgix.net/278a7d19-ac30-47d4-aa00-2567b1407320.jpg?w=380&h=238&fm=jpg&auto=compress&fit=crop","price":"4.99","pricePer":"$0.21 / oz","purchaseUnit":"24 oz"},{"mainCategory":"Pantry","categoryName":"Baking Ingredients","subCategoryName":"Pancakes & Waffle Mixes","title":"Griddle Cake Mix","producer":"Josey Baker Bread","photoPath":"https://goodeggs4.imgix.net/670357e9-4b9f-4d01-a3cc-aeee29d56b4b.jpg?w=380&h=238&fm=jpg&auto=compress&fit=crop","price":"9.99","pricePer":"$0.31 / oz","purchaseUnit":"32 oz"},{"mainCategory":"Pantry","categoryName":"Baking Ingredients","subCategoryName":"Pancakes & Waffle Mixes","title":"Paleo Pancake Mix","producer":"Boulder Bake","photoPath":"https://goodeggs4.imgix.net/6c835342-45a3-4cb8-9041-4281021a7363.jpg?w=380&h=238&fm=jpg&auto=compress&fit=crop","price":"8.39","pricePer":"$1.04 / oz","purchaseUnit":"8 oz"},{"mainCategory":"Pantry","categoryName":"Baking Ingredients","subCategoryName":"Pancakes & Waffle Mixes","title":"Pancake & Waffle Mix","producer":"Simple Mills","photoPath":"https://goodeggs4.imgix.net/0c1a0785-0c7b-4b56-bc27-544f836200b3.jpg?w=380&h=238&fm=jpg&auto=compress&fit=crop","price":"8.69","pricePer":"$0.81 / oz","purchaseUnit":"10.7 oz"},{"mainCategory":"Pantry","categoryName":"Baking Ingredients","subCategoryName":"Coconut","title":"Organic Coconut Milk","producer":"Native Forest","photoPath":"https://goodeggs4.imgix.net/be888764-d539-4f47-9013-eca390154ec8.jpg?w=380&h=238&fm=jpg&auto=compress&fit=crop","price":"3.39","pricePer":"$0.25 / oz","purchaseUnit":"13.5 oz"},{"mainCategory":"Pantry","categoryName":"Baking Ingredients","subCategoryName":"Coconut","title":"Organic Light Coconut Milk","producer":"Native Forest","photoPath":"https://goodeggs4.imgix.net/e3c91f3e-36d8-4bd1-a531-fe841494f042.jpg?w=380&h=238&fm=jpg&auto=compress&fit=crop","price":"3.19","pricePer":"$0.24 / oz","purchaseUnit":"13.5 oz"},{"mainCategory":"Pantry","categoryName":"Baking Ingredients","subCategoryName":"Coconut","title":"Fair Trade Organic Coconut Palm Sugar","producer":"Wholesome Sweeteners","photoPath":"https://goodeggs4.imgix.net/d86ccd50-cac5-4b24-8b32-94e9a6e46c8f.jpg?w=380&h=238&fm=jpg&auto=compress&fit=crop","price":"5.99","pricePer":"$5.99 / lb","purchaseUnit":"1 lb"},{"mainCategory":"Pantry","categoryName":"Baking Ingredients","subCategoryName":"Coconut","title":"Organic Virgin Coconut Oil","producer":"Nutiva","photoPath":"https://goodeggs4.imgix.net/4e52676a-8c8c-42ed-96e3-6a97596117f6.jpg?w=380&h=238&fm=jpg&auto=compress&fit=crop","price":"10.99","pricePer":"$0.78 / fl oz","purchaseUnit":"14 fl oz"},{"mainCategory":"Pantry","categoryName":"Baking Ingredients","subCategoryName":"Coconut","title":"Organic Refined Coconut Oil","producer":"Nutiva","photoPath":"https://goodeggs4.imgix.net/f9fbdde2-68f4-4bb1-a5f9-ee19d983c54a.jpg?w=380&h=238&fm=jpg&auto=compress&fit=crop","price":"10.99","pricePer":"$0.48 / fl oz","purchaseUnit":"23 fl oz"},{"mainCategory":"Pantry","categoryName":"Baking Ingredients","subCategoryName":"Coconut","title":"Organic Virgin Coconut Oil","producer":"Nutiva","photoPath":"https://goodeggs4.imgix.net/4b3c5bd9-5fd7-4e06-b236-16aa5d8c8616.jpg?w=380&h=238&fm=jpg&auto=compress&fit=crop","price":"17.99","pricePer":"$0.78 / fl oz","purchaseUnit":"23 fl oz"},{"mainCategory":"Pantry","categoryName":"Baking Ingredients","subCategoryName":"Coconut","title":"Organic Shredded Coconut","producer":"Let's Do...Organic","photoPath":"https://goodeggs4.imgix.net/3734c87b-4530-43f0-9c3b-b5748f5ca3d9.jpg?w=380&h=238&fm=jpg&auto=compress&fit=crop","price":"3.99","pricePer":"$0.49 / oz","purchaseUnit":"8 oz"},{"mainCategory":"Pantry","categoryName":"Baking Ingredients","subCategoryName":"Coconut","title":"Organic Toasted Coconut Flakes","producer":"Let's Do...Organic","photoPath":"https://goodeggs4.imgix.net/69be68c5-d6c2-4a3f-ac4a-7fdb478591d7.jpg?w=380&h=238&fm=jpg&auto=compress&fit=crop","price":"3.99","pricePer":"$0.57 / oz","purchaseUnit":"7 oz"},{"mainCategory":"Pantry","categoryName":"Baking Ingredients","subCategoryName":"Coconut","title":"Organic Coconut Flakes","producer":"Let's Do...Organic","photoPath":"https://goodeggs4.imgix.net/5f0137e5-6bc4-4cd3-afdc-50e69308a34d.jpg?w=380&h=238&fm=jpg&auto=compress&fit=crop","price":"3.99","pricePer":"$0.57 / oz","purchaseUnit":"7 oz"},{"mainCategory":"Pantry","categoryName":"Baking Ingredients","subCategoryName":"Coconut","title":"Unsweetened Shredded Coconut","producer":"Bob's Red Mill","photoPath":"https://goodeggs4.imgix.net/6c6eed87-d5a5-49c6-93db-47193864041f.jpg?w=380&h=238&fm=jpg&auto=compress&fit=crop","price":"3.99","pricePer":"$0.33 / oz","purchaseUnit":"12 oz"},{"mainCategory":"Pantry","categoryName":"Baking Ingredients","subCategoryName":"Coconut","title":"Organic Ostara Stone Ground Coconut Butter","producer":"The Philosopher's Stoneground","photoPath":"https://goodeggs4.imgix.net/ca658e32-d30e-4058-b71d-d1ebd9a417fd.jpg?w=380&h=238&fm=jpg&auto=compress&fit=crop","price":"11.99","pricePer":"$0.99 / oz","purchaseUnit":"12 oz"},{"mainCategory":"Pantry","categoryName":"Baking Ingredients","subCategoryName":"Coconut","title":"Organic Ostara Stone Ground Cocotella","producer":"The Philosopher's Stoneground","photoPath":"https://goodeggs4.imgix.net/167194ab-b064-46e7-9137-10a98bb16ae6.jpg?w=380&h=238&fm=jpg&auto=compress&fit=crop","price":"12.99","pricePer":"$1.08 / oz","purchaseUnit":"12 oz"},{"mainCategory":"Pantry","categoryName":"Baking Ingredients","subCategoryName":"Coconut","title":"Organic Coconut Flour","producer":"Nutiva","photoPath":"https://goodeggs4.imgix.net/458fa1ce-3a6a-4e2a-a995-c01586e41dcd.jpg?w=380&h=238&fm=jpg&auto=compress&fit=crop","price":"5.99","pricePer":"$5.99 / lb","purchaseUnit":"1 lb"},{"mainCategory":"Pantry","categoryName":"Baking Ingredients","subCategoryName":"Baking Chocolate","title":"Akoma Extra Semisweet Chocolate Chips","producer":"Guittard Chocolate Company","photoPath":"https://goodeggs4.imgix.net/174b358d-12f5-47cb-a003-94b36d2731cf.jpg?w=380&h=238&fm=jpg&auto=compress&fit=crop","price":"4.99","pricePer":"$0.42 / oz","purchaseUnit":"12 oz"},{"mainCategory":"Pantry","categoryName":"Baking Ingredients","subCategoryName":"Baking Chocolate","title":"Extra Dark Chocolate Chips","producer":"Guittard Chocolate Company","photoPath":"https://goodeggs4.imgix.net/b7551830-8418-470f-8c72-74404759cb05.jpg?w=380&h=238&fm=jpg&auto=compress&fit=crop","price":"4.99","pricePer":"$0.42 / oz","purchaseUnit":"12 oz"},{"mainCategory":"Pantry","categoryName":"Baking Ingredients","subCategoryName":"Baking Chocolate","title":"Cocoa Rouge Cocoa Powder","producer":"Guittard Chocolate Company","photoPath":"https://goodeggs4.imgix.net/848c4405-ba7d-4cea-ad23-5ae6f40c1f7f.jpg?w=380&h=238&fm=jpg&auto=compress&fit=crop","price":"7.99","pricePer":"$0.99 / oz","purchaseUnit":"8 oz"},{"mainCategory":"Pantry","categoryName":"Baking Ingredients","subCategoryName":"Baking Chocolate","title":"Organic Cacao Nibs","producer":"Navitas Organics","photoPath":"https://goodeggs4.imgix.net/38535df8-28d2-4e41-a219-04b91c6a9eab.jpg?w=380&h=238&fm=jpg&auto=compress&fit=crop","price":"10.99","pricePer":"$21.98 / lb","purchaseUnit":"8 oz"},{"mainCategory":"Pantry","categoryName":"Baking Ingredients","subCategoryName":"Baking Chocolate","title":"Organic Semi-Sweet Chocolate Chips","producer":"Equal Exchange","photoPath":"https://goodeggs4.imgix.net/f17f6e05-045e-4f21-ac16-d49fec35ec9b.jpg?w=380&h=238&fm=jpg&auto=compress&fit=crop","price":"5.39","pricePer":"$0.53 / oz","purchaseUnit":"10 oz"},{"mainCategory":"Pantry","categoryName":"Baking Ingredients","subCategoryName":"Baking Chocolate","title":"Organic Semisweet Baking Wafers","producer":"Guittard Chocolate Company","photoPath":"https://goodeggs4.imgix.net/30b2b1b0-7c19-4b4c-8f3a-327ba9a3dd3b.jpg?w=380&h=238&fm=jpg&auto=compress&fit=crop","price":"8.99","pricePer":"$0.74 / oz","purchaseUnit":"12 oz"},{"mainCategory":"Pantry","categoryName":"Baking Ingredients","subCategoryName":"Baking Chocolate","title":"Organic Raw Cacao Nibs","producer":"Tierra Farm","photoPath":"https://goodeggs4.imgix.net/3ccd321c-b9d5-4a6e-b8d6-3c9c6286b642.jpg?w=380&h=238&fm=jpg&auto=compress&fit=crop","price":"6.99","pricePer":"$13.98 / lb","purchaseUnit":"8 oz"},{"mainCategory":"Pantry","categoryName":"Baking Ingredients","subCategoryName":"Baking Chocolate","title":"Organic Bittersweet Chocolate Baking Wafers","producer":"Guittard Chocolate Company","photoPath":"https://goodeggs4.imgix.net/81d449fb-9800-461d-bbda-2cf00e57c5d2.jpg?w=380&h=238&fm=jpg&auto=compress&fit=crop","price":"8.99","pricePer":"$0.74 / oz","purchaseUnit":"12 oz"},{"mainCategory":"Pantry","categoryName":"Baking Ingredients","subCategoryName":"Baking Chocolate","title":"Fair Trade 70% Bittersweet Baking Bars","producer":"Guittard Chocolate Company","photoPath":"https://goodeggs4.imgix.net/1cefa24c-b2a2-4cfc-b593-50758389e183.jpg?w=380&h=238&fm=jpg&auto=compress&fit=crop","price":"6.39","pricePer":"$1.06 / oz","purchaseUnit":"6 oz"},{"mainCategory":"Pantry","categoryName":"Baking Ingredients","subCategoryName":"Baking Chocolate","title":"100% Unsweetened Baking Chocolate","producer":"Guittard Chocolate Company","photoPath":"https://goodeggs4.imgix.net/e331ac9c-b433-455e-a93e-83d64230e8ea.jpg?w=380&h=238&fm=jpg&auto=compress&fit=crop","price":"6.39","pricePer":"$1.06 / oz","purchaseUnit":"6 oz"},{"mainCategory":"Pantry","categoryName":"Baking Ingredients","subCategoryName":"Baking Chocolate","title":"Organic Bittersweet Chocolate Chips","producer":"Equal Exchange","photoPath":"https://goodeggs4.imgix.net/d4cbd527-ab72-459f-b87c-0cd8734bd4b1.jpg?w=380&h=238&fm=jpg&auto=compress&fit=crop","price":"5.39","pricePer":"$0.53 / oz","purchaseUnit":"10 oz"},{"mainCategory":"Pantry","categoryName":"Baking Ingredients","subCategoryName":"Baking Chocolate","title":"Organic & Fair Trade Baking Cocoa","producer":"Equal Exchange","photoPath":"https://goodeggs4.imgix.net/d9024961-63fa-4171-b761-b58019eb38bc.jpg?w=380&h=238&fm=jpg&auto=compress&fit=crop","price":"7.69","pricePer":"$0.96 / oz","purchaseUnit":"8 oz"},{"mainCategory":"Pantry","categoryName":"Baking Ingredients","subCategoryName":"Baking Chocolate","title":"Fair Trade 64% Semisweet Baking Bars","producer":"Guittard Chocolate Company","photoPath":"https://goodeggs4.imgix.net/00b358fc-c2a4-41d8-92e7-d649a915ddb4.jpg?w=380&h=238&fm=jpg&auto=compress&fit=crop","price":"6.39","pricePer":"$1.06 / oz","purchaseUnit":"6 oz"},{"mainCategory":"Pantry","categoryName":"Baking Ingredients","subCategoryName":"Baking Chocolate","title":"Organic Cacao Powder","producer":"Navitas Organics","photoPath":"https://goodeggs4.imgix.net/4110ef34-d3df-4992-889a-8ec222c85a32.jpg?w=380&h=238&fm=jpg&auto=compress&fit=crop","price":"10.99","pricePer":"$21.98 / lb","purchaseUnit":"8 oz"},{"mainCategory":"Pantry","categoryName":"Baking Ingredients","subCategoryName":"Baking Soda, Powder & Yeast","title":"Organic Cornstarch","producer":"Let's Do...Organic","photoPath":"https://goodeggs4.imgix.net/006cdf48-7f46-4753-875e-3576ce14fbea.jpg?w=380&h=238&fm=jpg&auto=compress&fit=crop","price":"3.39","pricePer":"$0.56 / oz","purchaseUnit":"6 oz"},{"mainCategory":"Pantry","categoryName":"Baking Ingredients","subCategoryName":"Baking Soda, Powder & Yeast","title":"Organic Tapioca Starch","producer":"Let's Do...Organic","photoPath":"https://goodeggs4.imgix.net/7c1c7af4-7b6a-40a5-a416-1184624ffc65.jpg?w=380&h=238&fm=jpg&auto=compress&fit=crop","price":"3.39","pricePer":"$0.56 / oz","purchaseUnit":"6 oz"},{"mainCategory":"Pantry","categoryName":"Baking Ingredients","subCategoryName":"Baking Soda, Powder & Yeast","title":"Instant Yeast","producer":"Healthy Food Inc. Kitchen","photoPath":"https://goodeggs4.imgix.net/f8932865-98cb-4dd4-9c5e-f5cee711f6f2.jpg?w=380&h=238&fm=jpg&auto=compress&fit=crop","price":"2.49","pricePer":"$2.49 / oz","purchaseUnit":"1 oz"},{"mainCategory":"Pantry","categoryName":"Baking Ingredients","subCategoryName":"Baking Soda, Powder & Yeast","title":"Active Dry Yeast","producer":"Healthy Food Inc. Kitchen","photoPath":"https://goodeggs4.imgix.net/89c5fa74-d8b4-43b5-a7af-1c98dbc63d3b.jpg?w=380&h=238&fm=jpg&auto=compress&fit=crop","price":"2.49","pricePer":"$2.49 / oz","purchaseUnit":"1 oz"},{"mainCategory":"Pantry","categoryName":"Baking Ingredients","subCategoryName":"Baking Soda, Powder & Yeast","title":"Arrowroot Starch","producer":"Bob's Red Mill","photoPath":"https://goodeggs4.imgix.net/c009bc12-6138-421c-94c8-8def67540c10.jpg?w=380&h=238&fm=jpg&auto=compress&fit=crop","price":"5.99","pricePer":"$5.99 / lb","purchaseUnit":"16 oz"},{"mainCategory":"Pantry","categoryName":"Baking Ingredients","subCategoryName":"Baking Soda, Powder & Yeast","title":"Xanthan Gum","producer":"Bob's Red Mill","photoPath":"https://goodeggs4.imgix.net/24bf03b6-02de-4e59-b691-9f82f71eac17.jpg?w=380&h=238&fm=jpg&auto=compress&fit=crop","price":"12.99","pricePer":"$1.62 / oz","purchaseUnit":"8 oz"},{"mainCategory":"Pantry","categoryName":"Baking Ingredients","subCategoryName":"Baking Soda, Powder & Yeast","title":"Gluten-Free Egg Replacer","producer":"Bob's Red Mill","photoPath":"https://goodeggs4.imgix.net/53e3c0d3-f2a6-4245-bfe1-5ec5dc8386a4.jpg?w=380&h=238&fm=jpg&auto=compress&fit=crop","price":"3.99","pricePer":"$5.32 / lb","purchaseUnit":"12 oz"},{"mainCategory":"Pantry","categoryName":"Baking Ingredients","subCategoryName":"Pie Crust & Dough","title":"Organic Pie Dough Rounds","producer":"Wholly Wholesome","photoPath":"https://goodeggs4.imgix.net/97da50b9-f323-4cc9-bbcc-ccfd691c0c20.jpg?w=380&h=238&fm=jpg&auto=compress&fit=crop","price":"6.99","pricePer":null,"purchaseUnit":"2 count"},{"mainCategory":"Pantry","categoryName":"Baking Ingredients","subCategoryName":"Pie Crust & Dough","title":"Organic Shaped Pie Crusts","producer":"Wholly Wholesome","photoPath":"https://goodeggs4.imgix.net/226b56b4-4d29-41de-9891-7b83c961e310.jpg?w=380&h=238&fm=jpg&auto=compress&fit=crop","price":"5.99","pricePer":null,"purchaseUnit":"2 count"},{"mainCategory":"Pantry","categoryName":"Baking Ingredients","subCategoryName":"Pie Crust & Dough","title":"Par Baked Pie Shell","producer":"Three Babes Bakeshop","photoPath":"https://goodeggs4.imgix.net/a469def7-8861-4fd0-ac76-3767c6857501.jpg?w=380&h=238&fm=jpg&auto=compress&fit=crop","price":"18.99","pricePer":null,"purchaseUnit":"10 inch"},{"mainCategory":"Pantry","categoryName":"Baking Ingredients","subCategoryName":"Canned Milk","title":"Organic Sweetened Condensed Milk","producer":"California Farms","photoPath":"https://goodeggs4.imgix.net/00ecace3-640b-4581-8c03-ea6ba7ae836f.jpg?w=380&h=238&fm=jpg&auto=compress&fit=crop","price":"4.39","pricePer":"$0.31 / oz","purchaseUnit":"14 oz"},{"mainCategory":"Pantry","categoryName":"Baking Ingredients","subCategoryName":"Canned Milk","title":"Organic Evaporated Milk","producer":"California Farms","photoPath":"https://goodeggs4.imgix.net/53b45e95-77d5-47dd-8e57-26eebb764bf6.jpg?w=380&h=238&fm=jpg&auto=compress&fit=crop","price":"3.39","pricePer":"$0.28 / fl oz","purchaseUnit":"12 fl oz"},{"mainCategory":"Pantry","categoryName":"Baking Ingredients","subCategoryName":"Baking Oils","title":"Grapeseed Oil","producer":"La Tourangelle","photoPath":"https://goodeggs4.imgix.net/ced1a299-509e-4d6d-9a7c-3f455e5f2883.jpg?w=380&h=238&fm=jpg&auto=compress&fit=crop","price":"7.69","pricePer":"$0.45 / fl oz","purchaseUnit":"500 ml"},{"mainCategory":"Pantry","categoryName":"Baking Ingredients","subCategoryName":"Baking Oils","title":"Organic Canola Oil","producer":"La Tourangelle","photoPath":"https://goodeggs4.imgix.net/e4b2e69a-c95e-493d-a9f7-016903058c94.jpg?w=380&h=238&fm=jpg&auto=compress&fit=crop","price":"5.69","pricePer":"$0.34 / fl oz","purchaseUnit":"500 ml"},{"mainCategory":"Pantry","categoryName":"Baking Ingredients","subCategoryName":"Baking Oils","title":"Canola Oil","producer":"Spectrum Naturals","photoPath":"https://goodeggs4.imgix.net/9b08f18d-e0bb-4fd9-952c-ded807453fb0.jpg?w=380&h=238&fm=jpg&auto=compress&fit=crop","price":"6.39","pricePer":"$0.20 / fl oz","purchaseUnit":"32 fl oz"},{"mainCategory":"Pantry","categoryName":"Baking Ingredients","subCategoryName":"Baking Oils","title":"Organic Sunflower Oil","producer":"Spectrum Naturals","photoPath":"https://goodeggs4.imgix.net/cce6d5e9-b4c1-4969-8446-c36bb1fc32bc.jpg?w=380&h=238&fm=jpg&auto=compress&fit=crop","price":"9.99","pricePer":"$0.31 / fl oz","purchaseUnit":"32 fl oz"},{"mainCategory":"Pantry","categoryName":"Baking Ingredients","subCategoryName":"Baking Oils","title":"Safflower Oil","producer":"Spectrum Naturals","photoPath":"https://goodeggs4.imgix.net/c594ec3d-1111-45f1-9d13-1b96a71284b5.jpg?w=380&h=238&fm=jpg&auto=compress&fit=crop","price":"6.99","pricePer":"$0.22 / fl oz","purchaseUnit":"32 fl oz"},{"mainCategory":"Pantry","categoryName":"Baking Ingredients","subCategoryName":"Baking Oils","title":"Organic Canola Spray Oil","producer":"La Tourangelle","photoPath":"https://goodeggs4.imgix.net/247d2307-957d-4c8f-a56e-a1edefff4354.jpg?w=380&h=238&fm=jpg&auto=compress&fit=crop","price":"5.99","pricePer":"$1.20 / fl oz","purchaseUnit":"147 ml"},{"mainCategory":"Pantry","categoryName":"Baking Ingredients","subCategoryName":"Baking Oils","title":"Spray Canola Oil","producer":"Spectrum Naturals","photoPath":"https://goodeggs4.imgix.net/64d8d431-a776-42dc-99d8-db4bc6b9ba83.jpg?w=380&h=238&fm=jpg&auto=compress&fit=crop","price":"8.99","pricePer":"$0.56 / oz","purchaseUnit":"16 oz"},{"mainCategory":"Pantry","categoryName":"Baking Ingredients","subCategoryName":"Baking Oils","title":"Organic Safflower Oil","producer":"Spectrum Naturals","photoPath":"https://goodeggs4.imgix.net/8e1749b3-c072-4617-abbc-51d7c6738c36.jpg?w=380&h=238&fm=jpg&auto=compress&fit=crop","price":"6.99","pricePer":"$0.44 / fl oz","purchaseUnit":"16 fl oz"},{"mainCategory":"Pantry","categoryName":"Baking Ingredients","subCategoryName":"Baking Oils","title":"Vegan Buttery Sticks","producer":"Earth Balance","photoPath":"https://goodeggs4.imgix.net/eb4b4a42-5921-4410-86f5-d123e71eb972.jpg?w=380&h=238&fm=jpg&auto=compress&fit=crop","price":"4.99","pricePer":"$4.99 / lb","purchaseUnit":"16 oz"},{"mainCategory":"Pantry","categoryName":"Baking Ingredients","subCategoryName":"Baking Oils","title":"Organic Vegan Shortening","producer":"Nutiva","photoPath":"https://goodeggs4.imgix.net/8a8fde1d-b796-4b14-b4a8-f653af645237.jpg?w=380&h=238&fm=jpg&auto=compress&fit=crop","price":"6.99","pricePer":"$0.47 / fl oz","purchaseUnit":"15 oz"},{"mainCategory":"Pantry","categoryName":"Baking Ingredients","subCategoryName":"Baking Oils","title":"Roasted Hazelnut Oil","producer":"La Tourangelle","photoPath":"https://goodeggs4.imgix.net/d6c7f2a0-60cd-4e6d-823b-9157f87c9b6e.jpg?w=380&h=238&fm=jpg&auto=compress&fit=crop","price":"7.99","pricePer":"$0.94 / fl oz","purchaseUnit":"250 ml"},{"mainCategory":"Pantry","categoryName":"Baking Ingredients","subCategoryName":"Baking Oils","title":"Roasted Almond Oil","producer":"La Tourangelle","photoPath":"https://goodeggs4.imgix.net/68c5d072-7fbb-4244-baa1-8845a7269bca.jpg?w=380&h=238&fm=jpg&auto=compress&fit=crop","price":"7.99","pricePer":"$0.94 / fl oz","purchaseUnit":"250 ml"},{"mainCategory":"Pantry","categoryName":"Baking Ingredients","subCategoryName":"Flour","title":"Organic Unbleached Bread Flour","producer":"King Arthur Flour","photoPath":"https://goodeggs4.imgix.net/37b71c75-9cb4-4374-afcb-f76e110948e8.jpg?w=380&h=238&fm=jpg&auto=compress&fit=crop","price":"9.99","pricePer":"$0.12 / oz","purchaseUnit":"5 lb"},{"mainCategory":"Pantry","categoryName":"Baking Ingredients","subCategoryName":"Flour","title":"Unbleached Bread Flour","producer":"King Arthur Flour","photoPath":"https://goodeggs4.imgix.net/a8a054a3-b272-446d-bb91-9c47531fab45.jpg?w=380&h=238&fm=jpg&auto=compress&fit=crop","price":"6.99","pricePer":"$1.39 / lb","purchaseUnit":"5 lb"},{"mainCategory":"Pantry","categoryName":"Baking Ingredients","subCategoryName":"Flour","title":"Unbleached Cake Flour","producer":"King Arthur Flour","photoPath":"https://goodeggs4.imgix.net/06546d9d-0abc-4c7c-8c4c-47d412125d50.jpg?w=380&h=238&fm=jpg&auto=compress&fit=crop","price":"5.69","pricePer":"$2.84 / lb","purchaseUnit":"2 lb"},{"mainCategory":"Pantry","categoryName":"Baking Ingredients","subCategoryName":"Flour","title":"All-Purpose Flour","producer":"King Arthur Flour","photoPath":"https://goodeggs4.imgix.net/b3c39d3d-c9e4-4078-b0b0-111c70fb75f1.jpg?w=380&h=238&fm=jpg&auto=compress&fit=crop","price":"5.99","pricePer":"$1.19 / lb","purchaseUnit":"5 lb"},{"mainCategory":"Pantry","categoryName":"Baking Ingredients","subCategoryName":"Flour","title":"Organic Baker's Choice All Purpose Unbleached Flour","producer":"Giustos","photoPath":"https://goodeggs4.imgix.net/b76d6830-0d1a-4309-90a3-8c5115d1fd79.jpg?w=380&h=238&fm=jpg&auto=compress&fit=crop","price":"10.99","pricePer":"$2.19 / lb","purchaseUnit":"5 lb"},{"mainCategory":"Pantry","categoryName":"Baking Ingredients","subCategoryName":"Flour","title":"All Purpose Flour","producer":"Healthy Food Inc. Kitchen","photoPath":"https://goodeggs4.imgix.net/2d622549-2d28-43b0-9a5b-98ba601adc68.jpg?w=380&h=238&fm=jpg&auto=compress&fit=crop","price":"4.99","pricePer":"$2.49 / lb","purchaseUnit":"32 oz"},{"mainCategory":"Pantry","categoryName":"Baking Ingredients","subCategoryName":"Flour","title":"Unbleached Pastry Flour","producer":"Bob's Red Mill","photoPath":"https://goodeggs4.imgix.net/ff225534-c5b2-48ba-8c4e-20511467bf0b.jpg?w=380&h=238&fm=jpg&auto=compress&fit=crop","price":"4.69","pricePer":"$0.93 / lb","purchaseUnit":"5 lb"},{"mainCategory":"Pantry","categoryName":"Baking Ingredients","subCategoryName":"Flour","title":"All Purpose Snowflake Unbleached Flour","producer":"Giustos","photoPath":"https://goodeggs4.imgix.net/fe050a4d-944c-455b-8152-6fe1729b6aea.jpg?w=380&h=238&fm=jpg&auto=compress&fit=crop","price":"7.99","pricePer":"$1.59 / lb","purchaseUnit":"5 lb"},{"mainCategory":"Pantry","categoryName":"Baking Ingredients","subCategoryName":"Flour","title":"Whole Wheat Flour","producer":"King Arthur Flour","photoPath":"https://goodeggs4.imgix.net/949ce38c-2124-4c86-9299-33461ae1c755.jpg?w=380&h=238&fm=jpg&auto=compress&fit=crop","price":"5.99","pricePer":"$1.19 / lb","purchaseUnit":"5 lb"},{"mainCategory":"Pantry","categoryName":"Baking Ingredients","subCategoryName":"Flour","title":"Organic Medium Grind Cornmeal","producer":"Bob's Red Mill","photoPath":"https://goodeggs4.imgix.net/c8a83a63-dca6-46ef-bf5b-161928751daa.jpg?w=380&h=238&fm=jpg&auto=compress&fit=crop","price":"3.39","pricePer":"$0.14 / oz","purchaseUnit":"24 oz"},{"mainCategory":"Pantry","categoryName":"Baking Ingredients","subCategoryName":"Flour","title":"Upcycled Oat Milk Flour","producer":"Renewal Mill ","photoPath":"https://goodeggs4.imgix.net/47d84cb6-121d-404e-811a-51c74650cd8e.jpeg?w=380&h=238&fm=jpg&auto=compress&fit=crop","price":"12.49","pricePer":"$0.69 / oz","purchaseUnit":"18 oz"},{"mainCategory":"Pantry","categoryName":"Baking Ingredients","subCategoryName":"Flour","title":"Masa Harina Orgánica - Blue Corn","producer":"Alma Semillera","photoPath":"https://goodeggs4.imgix.net/6e65d0ee-5a9a-49b3-91d6-b213d480f0eb.jpg?w=380&h=238&fm=jpg&auto=compress&fit=crop","price":"5.99","pricePer":"$5.99 / lb","purchaseUnit":"1 lb"},{"mainCategory":"Pantry","categoryName":"Baking Ingredients","subCategoryName":"Flour","title":"Masa Harina Orgánica - White Corn","producer":"Alma Semillera","photoPath":"https://goodeggs4.imgix.net/e45d6ca5-eec1-4ad9-b1b6-6a3ad6158974.jpg?w=380&h=238&fm=jpg&auto=compress&fit=crop","price":"5.99","pricePer":"$5.99 / lb","purchaseUnit":"1 lb"},{"mainCategory":"Pantry","categoryName":"Baking Ingredients","subCategoryName":"Flour","title":"Masa Harina Orgánica - White Corn","producer":"Alma Semillera","photoPath":"https://goodeggs4.imgix.net/35e6c2a8-5e7b-49b2-84ba-4e2970510e31.jpg?w=380&h=238&fm=jpg&auto=compress&fit=crop","price":"17.99","pricePer":"$3.59 / lb","purchaseUnit":"5 lb"},{"mainCategory":"Pantry","categoryName":"Baking Ingredients","subCategoryName":"Flour","title":"Organic Unbleached \"00\" Pizza Flour","producer":"Giustos","photoPath":"https://goodeggs4.imgix.net/eea80aa9-70fb-4fa0-a1e1-94b320f0c831.jpg?w=380&h=238&fm=jpg&auto=compress&fit=crop","price":"13.99","pricePer":"$2.79 / lb","purchaseUnit":"5 lb"},{"mainCategory":"Pantry","categoryName":"Baking Ingredients","subCategoryName":"Flour","title":"Matzo Meal","producer":"Yehuda Matzos","photoPath":"https://goodeggs4.imgix.net/55db24da-532f-4550-92b4-4132ff0aa2ad.jpg?w=380&h=238&fm=jpg&auto=compress&fit=crop","price":"4.99","pricePer":"$0.31 / oz","purchaseUnit":"16 oz"},{"mainCategory":"Pantry","categoryName":"Baking Ingredients","subCategoryName":"Baking Mixes","title":"Cornbread & Corn Muffin Mix","producer":"Bob's Red Mill","photoPath":"https://goodeggs4.imgix.net/7c7c8680-a86d-4aaa-8ddc-d26e80bb77ee.jpg?w=380&h=238&fm=jpg&auto=compress&fit=crop","price":"3.99","pricePer":null,"purchaseUnit":"24 oz"},{"mainCategory":"Pantry","categoryName":"Baking Ingredients","subCategoryName":"Baking Mixes","title":"Organic Vanilla Cake Mix","producer":"Foodstirs","photoPath":"https://goodeggs4.imgix.net/65a103c3-35c4-46f9-a839-424ce164c51a.jpg?w=380&h=238&fm=jpg&auto=compress&fit=crop","price":"5.69","pricePer":"$0.32 / oz","purchaseUnit":"18 oz"},{"mainCategory":"Pantry","categoryName":"Baking Ingredients","subCategoryName":"Baking Mixes","title":"Organic Chocolate Chip Cookie Mix","producer":"Foodstirs","photoPath":"https://goodeggs4.imgix.net/136e484d-6b0a-476d-a0ed-146366bcd20d.jpg?w=380&h=238&fm=jpg&auto=compress&fit=crop","price":"5.69","pricePer":"$0.44 / oz","purchaseUnit":"13.05 oz"},{"mainCategory":"Pantry","categoryName":"Baking Ingredients","subCategoryName":"Baking Mixes","title":"Organic Double Chocolate Sea Salted Brownie Mix","producer":"Foodstirs","photoPath":"https://goodeggs4.imgix.net/4ad827dd-27c6-433a-bdb5-74126b9f69ed.jpg?w=380&h=238&fm=jpg&auto=compress&fit=crop","price":"5.69","pricePer":"$0.35 / oz","purchaseUnit":"16.19 oz"},{"mainCategory":"Pantry","categoryName":"Baking Ingredients","subCategoryName":"Baking Mixes","title":"Chocolate Chip Cookie Baking Kit","producer":"Salty Sweet","photoPath":"https://goodeggs4.imgix.net/98d3f0cc-713d-4f0b-9dc9-e84fd3a578f7.jpg?w=380&h=238&fm=jpg&auto=compress&fit=crop","price":"14.99","pricePer":"$1.66 / oz","purchaseUnit":"20 count"},{"mainCategory":"Pantry","categoryName":"Baking Ingredients","subCategoryName":"Baking Mixes","title":"Oatmeal Raisin Cookie Baking Kit","producer":"Salty Sweet","photoPath":"https://goodeggs4.imgix.net/695c17c6-de57-4db5-93fc-45744d5ee7fb.jpg?w=380&h=238&fm=jpg&auto=compress&fit=crop","price":"14.99","pricePer":"$1.66 / oz","purchaseUnit":"20 count"},{"mainCategory":"Pantry","categoryName":"Baking Ingredients","subCategoryName":"Baking Mixes","title":"Pumpkin Muffin & Bread Mix","producer":"Simple Mills","photoPath":"https://goodeggs4.imgix.net/0adf8c49-4df1-457b-aa00-f046a682c82a.jpg?w=380&h=238&fm=jpg&auto=compress&fit=crop","price":"8.69","pricePer":"$0.96 / oz","purchaseUnit":"9 oz"},{"mainCategory":"Pantry","categoryName":"Baking Ingredients","subCategoryName":"Baking Mixes","title":"Vanilla Cake & Cupcake Mix","producer":"Simple Mills","photoPath":"https://goodeggs4.imgix.net/1293fb05-d4ee-47d7-8449-61beff16cadc.jpg?w=380&h=238&fm=jpg&auto=compress&fit=crop","price":"8.69","pricePer":"$0.75 / oz","purchaseUnit":"11.5 oz"},{"mainCategory":"Pantry","categoryName":"Baking Ingredients","subCategoryName":"Baking Mixes","title":"Upcycled Oat Chocolate Chip Cookie Mix","producer":"Renewal Mill ","photoPath":"https://goodeggs4.imgix.net/7e9ffea8-025e-466d-a250-a8d41d6fba07.jpeg?w=380&h=238&fm=jpg&auto=compress&fit=crop","price":"7.99","pricePer":"$0.49 / oz","purchaseUnit":"16 oz"},{"mainCategory":"Pantry","categoryName":"Baking Ingredients","subCategoryName":"Baking Mixes","title":"Chocolate Cake & Muffin Mix","producer":"Simple Mills","photoPath":"https://goodeggs4.imgix.net/035bc567-329e-4265-bfee-81b2a7da9dd5.jpg?w=380&h=238&fm=jpg&auto=compress&fit=crop","price":"8.69","pricePer":"$0.83 / oz","purchaseUnit":"10.4 oz"},{"mainCategory":"Pantry","categoryName":"Baking Ingredients","subCategoryName":"Baking Mixes","title":"Chocolate Chip Cookie Mix","producer":"Simple Mills","photoPath":"https://goodeggs4.imgix.net/55671227-1f24-4467-b9f6-82698ba37393.jpg?w=380&h=238&fm=jpg&auto=compress&fit=crop","price":"8.69","pricePer":"$0.91 / oz","purchaseUnit":"9.5 oz"},{"mainCategory":"Pantry","categoryName":"Baking Ingredients","subCategoryName":"Baking Mixes","title":"Upcycled Sugar Cookie Mix","producer":"Renewal Mill ","photoPath":"https://goodeggs4.imgix.net/375c4ead-412a-4f86-b03a-0e3080ad358f.jpeg?w=380&h=238&fm=jpg&auto=compress&fit=crop","price":"7.99","pricePer":"$0.53 / oz","purchaseUnit":"15 oz"},{"mainCategory":"Pantry","categoryName":"Baking Ingredients","subCategoryName":"Baking Mixes","title":"Upcycled Dark Chocolate Brownie Mix","producer":"Renewal Mill ","photoPath":"https://goodeggs4.imgix.net/1f4fad2d-6f05-458b-afbf-ee03189a8f44.jpeg?w=380&h=238&fm=jpg&auto=compress&fit=crop","price":"7.99","pricePer":"$0.44 / oz","purchaseUnit":"18 oz"},{"mainCategory":"Pantry","categoryName":"Baking Ingredients","subCategoryName":"Baking Mixes","title":"Matzo Meal","producer":"Yehuda Matzos","photoPath":"https://goodeggs4.imgix.net/55db24da-532f-4550-92b4-4132ff0aa2ad.jpg?w=380&h=238&fm=jpg&auto=compress&fit=crop","price":"4.99","pricePer":"$0.31 / oz","purchaseUnit":"16 oz"},{"mainCategory":"Pantry","categoryName":"Baking Ingredients","subCategoryName":"Frosting & Decorations","title":"Organic Vanilla Frosting","producer":"Simple Mills","photoPath":"https://goodeggs4.imgix.net/90b9b8d3-8ced-4647-84a4-ed02b7d16f51.jpg?w=380&h=238&fm=jpg&auto=compress&fit=crop","price":"5.79","pricePer":"$0.57 / oz","purchaseUnit":"10 oz"},{"mainCategory":"Pantry","categoryName":"Baking Ingredients","subCategoryName":"Frosting & Decorations","title":"Plant-Based Food Colors","producer":"Supernatural","photoPath":"https://goodeggs4.imgix.net/d48410fe-49c1-44d0-b3d3-271336648d5b.jpg?w=380&h=238&fm=jpg&auto=compress&fit=crop","price":"9.99","pricePer":null,"purchaseUnit":"4 count"},{"mainCategory":"Pantry","categoryName":"Baking Ingredients","subCategoryName":"Frosting & Decorations","title":"Soy-Free Starfetti Sprinkles","producer":"Supernatural","photoPath":"https://goodeggs4.imgix.net/b74c4a77-6529-4a69-a252-cb23292d97a7.jpg?w=380&h=238&fm=jpg&auto=compress&fit=crop","price":"7.99","pricePer":"$2.66 / oz","purchaseUnit":"3 oz"},{"mainCategory":"Pantry","categoryName":"Baking Ingredients","subCategoryName":"Frosting & Decorations","title":"Dinomite Sprinkles","producer":"Supernatural","photoPath":"https://goodeggs4.imgix.net/819bcff2-fe33-4b66-b77c-17d9cc6d240f.jpg?w=380&h=238&fm=jpg&auto=compress&fit=crop","price":"7.99","pricePer":"$2.66 / oz","purchaseUnit":"3 oz"},{"mainCategory":"Pantry","categoryName":"Baking Ingredients","subCategoryName":"Frosting & Decorations","title":"Full of Heart Sprinkles","producer":"Supernatural","photoPath":"https://goodeggs4.imgix.net/3b44d9be-1896-4d74-a5de-21d5a122d44c.jpg?w=380&h=238&fm=jpg&auto=compress&fit=crop","price":"7.99","pricePer":"$2.66 / oz","purchaseUnit":"3 oz"},{"mainCategory":"Pantry","categoryName":"Baking Ingredients","subCategoryName":"Frosting & Decorations","title":"Organic Vanilla Frosting Mix","producer":"Singing Dog Vanilla","photoPath":"https://goodeggs4.imgix.net/9a693af8-e646-47b6-a5fe-32bc5977960c.jpg?w=380&h=238&fm=jpg&auto=compress&fit=crop","price":"6.69","pricePer":"$0.66 / oz","purchaseUnit":"10 oz"},{"mainCategory":"Pantry","categoryName":"Baking Ingredients","subCategoryName":"Frosting & Decorations","title":"Field Day Sprinkles","producer":"Supernatural","photoPath":"https://goodeggs4.imgix.net/fd8a404d-db4c-4d89-a4a5-a9e02bbe2f09.jpg?w=380&h=238&fm=jpg&auto=compress&fit=crop","price":"7.99","pricePer":"$2.66 / oz","purchaseUnit":"3 oz"},{"mainCategory":"Pantry","categoryName":"Baking Ingredients","subCategoryName":"Frosting & Decorations","title":"Soy-Free Girl Pow! Sprinkles","producer":"Supernatural","photoPath":"https://goodeggs4.imgix.net/9289259f-8f61-42cc-85d3-e27df8104daf.jpg?w=380&h=238&fm=jpg&auto=compress&fit=crop","price":"7.99","pricePer":"$2.66 / oz","purchaseUnit":"3 oz"},{"mainCategory":"Pantry","categoryName":"Gluten-Free & Paleo Baking","subCategoryName":"Gluten-Free Pie Crust & Dough","title":"Gluten-Free Shaped Pie Crusts","producer":"Wholly Wholesome","photoPath":"https://goodeggs4.imgix.net/802a7d70-fe49-40bc-9bfe-b9cb21ebdfda.jpg?w=380&h=238&fm=jpg&auto=compress&fit=crop","price":"6.49","pricePer":null,"purchaseUnit":"2 count"},{"mainCategory":"Pantry","categoryName":"Gluten-Free & Paleo Baking","subCategoryName":"Gluten-Free Flour","title":"Super-Fine Almond Flour","producer":"Bob's Red Mill","photoPath":"https://goodeggs4.imgix.net/6b323513-990f-47ed-9646-613fc98dfb89.jpg?w=380&h=238&fm=jpg&auto=compress&fit=crop","price":"12.99","pricePer":"$12.99 / lb","purchaseUnit":"16 oz"},{"mainCategory":"Pantry","categoryName":"Gluten-Free & Paleo Baking","subCategoryName":"Gluten-Free Flour","title":"Paleo Baking Flour","producer":"Bob's Red Mill","photoPath":"https://goodeggs4.imgix.net/44a62ccc-9582-4a1c-8316-7c14f793e323.jpg?w=380&h=238&fm=jpg&auto=compress&fit=crop","price":"10.99","pricePer":"$10.99 / lb","purchaseUnit":"1 lb"},{"mainCategory":"Pantry","categoryName":"Gluten-Free & Paleo Baking","subCategoryName":"Gluten-Free Flour","title":"Gluten-Free All Purpose Flour","producer":"Cup4Cup","photoPath":"https://goodeggs4.imgix.net/848462c5-4e09-4933-8915-ed1aecab3b9a.jpg?w=380&h=238&fm=jpg&auto=compress&fit=crop","price":"17.99","pricePer":"$5.99 / lb","purchaseUnit":"3 lb"},{"mainCategory":"Pantry","categoryName":"Gluten-Free & Paleo Baking","subCategoryName":"Gluten-Free Flour","title":"Gluten-Free 1-to-1 Baking Flour","producer":"Renewal Mill ","photoPath":"https://goodeggs4.imgix.net/9a83f770-5fd2-4549-b975-0d27fc407acd.jpeg?w=380&h=238&fm=jpg&auto=compress&fit=crop","price":"8.99","pricePer":"$6.53 / lb","purchaseUnit":"22 oz"},{"mainCategory":"Pantry","categoryName":"Gluten-Free & Paleo Baking","subCategoryName":"Gluten-Free Flour","title":"Upcycled Oat Milk Flour","producer":"Renewal Mill ","photoPath":"https://goodeggs4.imgix.net/47d84cb6-121d-404e-811a-51c74650cd8e.jpeg?w=380&h=238&fm=jpg&auto=compress&fit=crop","price":"12.49","pricePer":"$0.69 / oz","purchaseUnit":"18 oz"},{"mainCategory":"Pantry","categoryName":"Gluten-Free & Paleo Baking","subCategoryName":"Gluten-Free Flour","title":"Organic Okara Flour","producer":"Renewal Mill ","photoPath":"https://goodeggs4.imgix.net/6830bbc5-ea43-428d-9ce2-a339d6c29d47.jpeg?w=380&h=238&fm=jpg&auto=compress&fit=crop","price":"6.99","pricePer":"$13.98 / lb","purchaseUnit":"8 oz"},{"mainCategory":"Pantry","categoryName":"Gluten-Free & Paleo Baking","subCategoryName":"Gluten-Free Flour","title":"Organic Coconut Flour","producer":"Nutiva","photoPath":"https://goodeggs4.imgix.net/458fa1ce-3a6a-4e2a-a995-c01586e41dcd.jpg?w=380&h=238&fm=jpg&auto=compress&fit=crop","price":"5.99","pricePer":"$5.99 / lb","purchaseUnit":"1 lb"},{"mainCategory":"Pantry","categoryName":"Gluten-Free & Paleo Baking","subCategoryName":"Gluten-Free Baking Mixes","title":"Pancake & Waffle Mix","producer":"Simple Mills","photoPath":"https://goodeggs4.imgix.net/0c1a0785-0c7b-4b56-bc27-544f836200b3.jpg?w=380&h=238&fm=jpg&auto=compress&fit=crop","price":"8.69","pricePer":"$0.81 / oz","purchaseUnit":"10.7 oz"},{"mainCategory":"Pantry","categoryName":"Gluten-Free & Paleo Baking","subCategoryName":"Gluten-Free Baking Mixes","title":"Gluten-Free Cornbread Mix","producer":"Bob's Red Mill","photoPath":"https://goodeggs4.imgix.net/4694282d-ffd1-4092-b4d4-f93fc2c36ab1.jpg?w=380&h=238&fm=jpg&auto=compress&fit=crop","price":"3.39","pricePer":"$0.17 / oz","purchaseUnit":"20 oz"},{"mainCategory":"Pantry","categoryName":"Gluten-Free & Paleo Baking","subCategoryName":"Gluten-Free Baking Mixes","title":"Pumpkin Muffin & Bread Mix","producer":"Simple Mills","photoPath":"https://goodeggs4.imgix.net/0adf8c49-4df1-457b-aa00-f046a682c82a.jpg?w=380&h=238&fm=jpg&auto=compress&fit=crop","price":"8.69","pricePer":"$0.96 / oz","purchaseUnit":"9 oz"},{"mainCategory":"Pantry","categoryName":"Gluten-Free & Paleo Baking","subCategoryName":"Gluten-Free Baking Mixes","title":"Vanilla Cake & Cupcake Mix","producer":"Simple Mills","photoPath":"https://goodeggs4.imgix.net/1293fb05-d4ee-47d7-8449-61beff16cadc.jpg?w=380&h=238&fm=jpg&auto=compress&fit=crop","price":"8.69","pricePer":"$0.75 / oz","purchaseUnit":"11.5 oz"},{"mainCategory":"Pantry","categoryName":"Gluten-Free & Paleo Baking","subCategoryName":"Gluten-Free Baking Mixes","title":"Upcycled Oat Chocolate Chip Cookie Mix","producer":"Renewal Mill ","photoPath":"https://goodeggs4.imgix.net/7e9ffea8-025e-466d-a250-a8d41d6fba07.jpeg?w=380&h=238&fm=jpg&auto=compress&fit=crop","price":"7.99","pricePer":"$0.49 / oz","purchaseUnit":"16 oz"},{"mainCategory":"Pantry","categoryName":"Gluten-Free & Paleo Baking","subCategoryName":"Gluten-Free Baking Mixes","title":"Paleo Chocolate Brownie Mix","producer":"Boulder Bake","photoPath":"https://goodeggs4.imgix.net/85280653-7c15-414d-acc6-cde8d877c986.jpg?w=380&h=238&fm=jpg&auto=compress&fit=crop","price":"8.39","pricePer":"$0.91 / oz","purchaseUnit":"9.15 oz"},{"mainCategory":"Pantry","categoryName":"Gluten-Free & Paleo Baking","subCategoryName":"Gluten-Free Baking Mixes","title":"Chocolate Cake & Muffin Mix","producer":"Simple Mills","photoPath":"https://goodeggs4.imgix.net/035bc567-329e-4265-bfee-81b2a7da9dd5.jpg?w=380&h=238&fm=jpg&auto=compress&fit=crop","price":"8.69","pricePer":"$0.83 / oz","purchaseUnit":"10.4 oz"},{"mainCategory":"Pantry","categoryName":"Gluten-Free & Paleo Baking","subCategoryName":"Gluten-Free Baking Mixes","title":"Chocolate Chip Cookie Mix","producer":"Simple Mills","photoPath":"https://goodeggs4.imgix.net/55671227-1f24-4467-b9f6-82698ba37393.jpg?w=380&h=238&fm=jpg&auto=compress&fit=crop","price":"8.69","pricePer":"$0.91 / oz","purchaseUnit":"9.5 oz"},{"mainCategory":"Pantry","categoryName":"Gluten-Free & Paleo Baking","subCategoryName":"Gluten-Free Baking Mixes","title":"Upcycled Sugar Cookie Mix","producer":"Renewal Mill ","photoPath":"https://goodeggs4.imgix.net/375c4ead-412a-4f86-b03a-0e3080ad358f.jpeg?w=380&h=238&fm=jpg&auto=compress&fit=crop","price":"7.99","pricePer":"$0.53 / oz","purchaseUnit":"15 oz"},{"mainCategory":"Pantry","categoryName":"Gluten-Free & Paleo Baking","subCategoryName":"Gluten-Free Baking Mixes","title":"Paleo Chocolate Chip Cookie Mix","producer":"Boulder Bake","photoPath":"https://goodeggs4.imgix.net/5898e11b-616e-46e7-b3a9-206ecd647186.jpg?w=380&h=238&fm=jpg&auto=compress&fit=crop","price":"8.39","pricePer":"$0.96 / oz","purchaseUnit":"8.65 oz"},{"mainCategory":"Pantry","categoryName":"Gluten-Free & Paleo Baking","subCategoryName":"Gluten-Free Baking Mixes","title":"Paleo Pancake Mix","producer":"Boulder Bake","photoPath":"https://goodeggs4.imgix.net/6c835342-45a3-4cb8-9041-4281021a7363.jpg?w=380&h=238&fm=jpg&auto=compress&fit=crop","price":"8.39","pricePer":"$1.04 / oz","purchaseUnit":"8 oz"},{"mainCategory":"Pantry","categoryName":"Gluten-Free & Paleo Baking","subCategoryName":"Gluten-Free Baking Mixes","title":"Upcycled Dark Chocolate Brownie Mix","producer":"Renewal Mill ","photoPath":"https://goodeggs4.imgix.net/1f4fad2d-6f05-458b-afbf-ee03189a8f44.jpeg?w=380&h=238&fm=jpg&auto=compress&fit=crop","price":"7.99","pricePer":"$0.44 / oz","purchaseUnit":"18 oz"},{"mainCategory":"Pantry","categoryName":"Gluten-Free & Paleo Baking","subCategoryName":"Gluten-Free Baking Mixes","title":"Wheat-Free Chocolate Chip Cookie Baking Kit","producer":"Salty Sweet","photoPath":"https://goodeggs4.imgix.net/f8593c2a-8928-4596-93c1-628e9d8eac32.jpg?w=380&h=238&fm=jpg&auto=compress&fit=crop","price":"17.99","pricePer":"$1.99 / oz","purchaseUnit":"20 count"},{"mainCategory":"Pantry","categoryName":"Sugars & Sweeteners","subCategoryName":"Sugar","title":"Fair Trade Organic Cane Sugar","producer":"Wholesome Sweeteners","photoPath":"https://goodeggs4.imgix.net/7563f383-00a5-4d9d-8bd1-6f47d0d0ba95.jpg?w=380&h=238&fm=jpg&auto=compress&fit=crop","price":"5.99","pricePer":"$2.99 / lb","purchaseUnit":"2 lb"},{"mainCategory":"Pantry","categoryName":"Sugars & Sweeteners","subCategoryName":"Sugar","title":"Fair Trade Organic Cane Sugar","producer":"Wholesome Sweeteners","photoPath":"https://goodeggs4.imgix.net/4edbb874-dcf5-4967-83ae-02666ed7ca79.jpg?w=380&h=238&fm=jpg&auto=compress&fit=crop","price":"3.99","pricePer":"$3.99 / lb","purchaseUnit":"1 lb"},{"mainCategory":"Pantry","categoryName":"Sugars & Sweeteners","subCategoryName":"Sugar","title":"Fair Trade Organic Light Brown Sugar","producer":"Wholesome Sweeteners","photoPath":"https://goodeggs4.imgix.net/59241491-88a6-4a05-aa83-466db36a5d8c.jpg?w=380&h=238&fm=jpg&auto=compress&fit=crop","price":"4.99","pricePer":"$3.32 / lb","purchaseUnit":"1.5 lb"},{"mainCategory":"Pantry","categoryName":"Sugars & Sweeteners","subCategoryName":"Sugar","title":"Fair Trade Organic Dark Brown Sugar","producer":"Wholesome Sweeteners","photoPath":"https://goodeggs4.imgix.net/2ba26c28-84b1-4c9e-ab66-190384172774.jpg?w=380&h=238&fm=jpg&auto=compress&fit=crop","price":"4.99","pricePer":"$3.32 / lb","purchaseUnit":"1.5 lb"},{"mainCategory":"Pantry","categoryName":"Sugars & Sweeteners","subCategoryName":"Sugar","title":"Fair Trade Organic Coconut Palm Sugar","producer":"Wholesome Sweeteners","photoPath":"https://goodeggs4.imgix.net/d86ccd50-cac5-4b24-8b32-94e9a6e46c8f.jpg?w=380&h=238&fm=jpg&auto=compress&fit=crop","price":"5.99","pricePer":"$5.99 / lb","purchaseUnit":"1 lb"},{"mainCategory":"Pantry","categoryName":"Sugars & Sweeteners","subCategoryName":"Sugar","title":"Fair Trade Organic Powdered Sugar","producer":"Wholesome Sweeteners","photoPath":"https://goodeggs4.imgix.net/182fb33a-c68e-41de-b040-2389cc314531.jpg?w=380&h=238&fm=jpg&auto=compress&fit=crop","price":"4.69","pricePer":"$4.69 / lb","purchaseUnit":"1 lb"},{"mainCategory":"Pantry","categoryName":"Sugars & Sweeteners","subCategoryName":"Sugar","title":"Fair Trade Organic Molasses","producer":"Wholesome Sweeteners","photoPath":"https://goodeggs4.imgix.net/4f49af6d-3dcb-422a-8d58-2af276d52ac3.jpg?w=380&h=238&fm=jpg&auto=compress&fit=crop","price":"6.49","pricePer":"$0.41 / fl oz","purchaseUnit":"16 fl oz"},{"mainCategory":"Pantry","categoryName":"Sugars & Sweeteners","subCategoryName":"Maple & Agave Syrup","title":"Grade A Amber Rich Organic Maple Syrup","producer":"Branon Family Maple Orchards","photoPath":"https://goodeggs4.imgix.net/749d38ad-db75-412c-acdf-e5707ee5a582.jpg?w=380&h=238&fm=jpg&auto=compress&fit=crop","price":"12.99","pricePer":"$0.81 / fl oz","purchaseUnit":"16 fl oz"},{"mainCategory":"Pantry","categoryName":"Sugars & Sweeteners","subCategoryName":"Maple & Agave Syrup","title":"Grade A Dark Robust Organic Maple Syrup","producer":"Branon Family Maple Orchards","photoPath":"https://goodeggs4.imgix.net/2a5f6c0e-f55b-40d8-9234-bfd2adf677b0.jpg?w=380&h=238&fm=jpg&auto=compress&fit=crop","price":"22.99","pricePer":"$0.71 / fl oz","purchaseUnit":"32 fl oz"},{"mainCategory":"Pantry","categoryName":"Sugars & Sweeteners","subCategoryName":"Maple & Agave Syrup","title":"Grade A Dark Robust Maple Syrup","producer":"Mead and Mead's","photoPath":"https://goodeggs4.imgix.net/a375f744-caf0-4b49-9100-387273c72b56.jpg?w=380&h=238&fm=jpg&auto=compress&fit=crop","price":"14.99","pricePer":"$1.77 / fl oz","purchaseUnit":"250 ml"},{"mainCategory":"Pantry","categoryName":"Sugars & Sweeteners","subCategoryName":"Maple & Agave Syrup","title":"Grade A Amber Rich Maple Syrup","producer":"Mead and Mead's","photoPath":"https://goodeggs4.imgix.net/03f133ae-1298-40c3-93a1-5afdb8ddd741.jpg?w=380&h=238&fm=jpg&auto=compress&fit=crop","price":"14.99","pricePer":"$1.77 / fl oz","purchaseUnit":"250 ml"},{"mainCategory":"Pantry","categoryName":"Sugars & Sweeteners","subCategoryName":"Maple & Agave Syrup","title":"Grade A Amber Rich Organic Maple Syrup","producer":"Branon Family Maple Orchards","photoPath":"https://goodeggs4.imgix.net/619f2e38-bbf7-4bc9-b96e-5bb729f598bf.jpg?w=380&h=238&fm=jpg&auto=compress&fit=crop","price":"22.99","pricePer":"$0.71 / fl oz","purchaseUnit":"32 fl oz"},{"mainCategory":"Pantry","categoryName":"Sugars & Sweeteners","subCategoryName":"Maple & Agave Syrup","title":"Organic Fair Trade Blue Agave Syrup","producer":"Wholesome Sweeteners","photoPath":"https://goodeggs4.imgix.net/76de9ace-87ee-445f-9c75-2760fa63c46b.jpg?w=380&h=238&fm=jpg&auto=compress&fit=crop","price":"7.99","pricePer":"$0.34 / fl oz","purchaseUnit":"23.5 fl oz"},{"mainCategory":"Pantry","categoryName":"Sugars & Sweeteners","subCategoryName":"Maple & Agave Syrup","title":"Organic Fair Trade Raw Blue Agave Syrup","producer":"Wholesome Sweeteners","photoPath":"https://goodeggs4.imgix.net/c9f03d8f-fa36-494a-9b3d-91f8387ceec5.jpg?w=380&h=238&fm=jpg&auto=compress&fit=crop","price":"7.99","pricePer":"$0.34 / fl oz","purchaseUnit":"23.5 fl oz"},{"mainCategory":"Pantry","categoryName":"Sugars & Sweeteners","subCategoryName":"Alternative Sweeteners","title":"Organic Stevia Blend Packets","producer":"Wholesome Sweeteners","photoPath":"https://goodeggs4.imgix.net/cde66a78-8e6d-482b-bfbe-36c6a6ed41f2.jpg?w=380&h=238&fm=jpg&auto=compress&fit=crop","price":"4.39","pricePer":"$3.51 / oz","purchaseUnit":"35 count"},{"mainCategory":"Pantry","categoryName":"Sugars & Sweeteners","subCategoryName":"Alternative Sweeteners","title":"Organic Stevia Blend Powder","producer":"Wholesome Sweeteners","photoPath":"https://goodeggs4.imgix.net/7e3e6c94-221c-4365-9967-ad9c3a6dfeab.jpg?w=380&h=238&fm=jpg&auto=compress&fit=crop","price":"9.49","pricePer":"$1.58 / oz","purchaseUnit":"6 oz"},{"mainCategory":"Pantry","categoryName":"Sugars & Sweeteners","subCategoryName":"Alternative Sweeteners","title":"Organic Date Syrup","producer":"Just Date Syrup","photoPath":"https://goodeggs4.imgix.net/868a6d5c-4458-4c25-b96b-ac2fa2f51284.jpg?w=380&h=238&fm=jpg&auto=compress&fit=crop","price":"8.99","pricePer":"$1.02 / oz","purchaseUnit":"8.8 oz"},{"mainCategory":"Pantry","categoryName":"Sugars & Sweeteners","subCategoryName":"Alternative Sweeteners","title":"Organic Pomegranate Molasses","producer":"Just Date Syrup","photoPath":"https://goodeggs4.imgix.net/97ee121f-d6c0-4077-859a-66c54960d8e2.jpg?w=380&h=238&fm=jpg&auto=compress&fit=crop","price":"13.99","pricePer":"$1.58 / oz","purchaseUnit":"8.8 oz"},{"mainCategory":"Pantry","categoryName":"Sugars & Sweeteners","subCategoryName":"Alternative Sweeteners","title":"Organic Brown Rice Syrup","producer":"Lundberg Family Farm","photoPath":"https://goodeggs4.imgix.net/17cdb0e1-4c82-40b9-a6de-47c90e28182c.jpg?w=380&h=238&fm=jpg&auto=compress&fit=crop","price":"5.99","pricePer":"$0.29 / oz","purchaseUnit":"21 oz"},{"mainCategory":"Pantry","categoryName":"Sugars & Sweeteners","subCategoryName":"Honey","title":"Mount Taylor Wildflower Honey","producer":"Kiss The Flower","photoPath":"https://goodeggs4.imgix.net/4a701342-111b-4aa9-aac3-6db3afc86f62.jpg?w=380&h=238&fm=jpg&auto=compress&fit=crop","price":"19.99","pricePer":"$1.24 / oz","purchaseUnit":"16 oz"},{"mainCategory":"Pantry","categoryName":"Sugars & Sweeteners","subCategoryName":"Honey","title":"Barnett Valley Blackberry Honey","producer":"Kiss The Flower","photoPath":"https://goodeggs4.imgix.net/493eeafd-8b85-466f-a4e9-29606a8263b7.jpg?w=380&h=238&fm=jpg&auto=compress&fit=crop","price":"19.99","pricePer":"$1.24 / oz","purchaseUnit":"16 oz"},{"mainCategory":"Pantry","categoryName":"Sugars & Sweeteners","subCategoryName":"Honey","title":"Star Thistle Honey","producer":"Kiss The Flower","photoPath":"https://goodeggs4.imgix.net/c1a46cdf-c08d-47ef-bbda-24a85126e2cb.jpg?w=380&h=238&fm=jpg&auto=compress&fit=crop","price":"19.99","pricePer":"$1.24 / oz","purchaseUnit":"16 oz"},{"mainCategory":"Pantry","categoryName":"Sugars & Sweeteners","subCategoryName":"Honey","title":"Spring Wildflower Honeycomb","producer":"Kiss The Flower","photoPath":"https://goodeggs4.imgix.net/b0a3fc7e-a7ec-43bd-b8a2-682c65c599cd.jpg?w=380&h=238&fm=jpg&auto=compress&fit=crop","price":"19.99","pricePer":"$5.71 / oz","purchaseUnit":"3.5 oz"},{"mainCategory":"Pantry","categoryName":"Sugars & Sweeteners","subCategoryName":"Honey","title":"Wildflower Honey","producer":"B-Z Bee Pollination via Capay Valley Farm Shop","photoPath":"https://goodeggs4.imgix.net/aab0f811-50d8-450b-9f98-afe980b3de6b.jpg?w=380&h=238&fm=jpg&auto=compress&fit=crop","price":"24.99","pricePer":"$0.71 / oz","purchaseUnit":"35 oz"},{"mainCategory":"Pantry","categoryName":"Sugars & Sweeteners","subCategoryName":"Honey","title":"Raw Monofloral Manuka Honey Packets","producer":"Wedderspoon","photoPath":"https://goodeggs4.imgix.net/6c7654fa-39f0-4b74-b9bc-5b91b3257f43.jpg?w=380&h=238&fm=jpg&auto=compress&fit=crop","price":"27.99","pricePer":"$6.66 / oz","purchaseUnit":"24 count"},{"mainCategory":"Pantry","categoryName":"Sugars & Sweeteners","subCategoryName":"Honey","title":"Raw Monofloral Manuka Honey","producer":"Wedderspoon","photoPath":"https://goodeggs4.imgix.net/6f23b164-c0d7-45ad-af94-5d4068fcc6e9.jpg?w=380&h=238&fm=jpg&auto=compress&fit=crop","price":"36.99","pricePer":"$3.08 / oz","purchaseUnit":"12 oz"},{"mainCategory":"Pantry","categoryName":"Sugars & Sweeteners","subCategoryName":"Honey","title":"Orange Blossom Honey","producer":"Kiss The Flower","photoPath":"https://goodeggs4.imgix.net/766f77d7-b892-4c9b-b78d-bfe0aede05c8.jpg?w=380&h=238&fm=jpg&auto=compress&fit=crop","price":"19.99","pricePer":"$1.66 / oz","purchaseUnit":"12 oz"},{"mainCategory":"Pantry","categoryName":"Sugars & Sweeteners","subCategoryName":"Honey","title":"Hot Honey","producer":"Jacobsen Salt Co.","photoPath":"https://goodeggs4.imgix.net/ceb54c2a-4aee-42a8-8ec6-7c0618aae878.jpg?w=380&h=238&fm=jpg&auto=compress&fit=crop","price":"9.99","pricePer":"$1.24 / oz","purchaseUnit":"8 oz"},{"mainCategory":"Pantry","categoryName":"Sugars & Sweeteners","subCategoryName":"Honey","title":"Raw Monofloral Manuka Honey","producer":"Wedderspoon","photoPath":"https://goodeggs4.imgix.net/04440c96-cece-408e-9441-88929dcace77.jpg?w=380&h=238&fm=jpg&auto=compress&fit=crop","price":"49.99","pricePer":"$2.84 / oz","purchaseUnit":"17.6 oz"},{"mainCategory":"Pantry","categoryName":"Sugars & Sweeteners","subCategoryName":"Honey","title":"Bee Pollen","producer":"Kiss The Flower","photoPath":"https://goodeggs4.imgix.net/b5133db9-95cd-4224-ac2f-000877684660.jpg?w=380&h=238&fm=jpg&auto=compress&fit=crop","price":"6.99","pricePer":"$6.99 / oz","purchaseUnit":"1 oz"},{"mainCategory":"Pantry","categoryName":"Sugars & Sweeteners","subCategoryName":"Honey","title":"Raw Wildflower Honey","producer":"B-Z Bee Pollination via Capay Valley Farm Shop","photoPath":"https://goodeggs4.imgix.net/09dfcc66-607a-4ac7-aa64-2315464a2465.jpg?w=380&h=238&fm=jpg&auto=compress&fit=crop","price":"49.99","pricePer":"$0.52 / oz","purchaseUnit":"6 lb"},{"mainCategory":"Pantry","categoryName":"Oil & Vinegar","subCategoryName":"Animal Oils","title":"Organic Grass-Fed Ghee","producer":"Ancient Organics","photoPath":"https://goodeggs4.imgix.net/58dc97c8-c0df-4f6c-91d0-417aa7d33d97.jpg?w=380&h=238&fm=jpg&auto=compress&fit=crop","price":"13.99","pricePer":"$1.74 / fl oz","purchaseUnit":"8 fl oz"},{"mainCategory":"Pantry","categoryName":"Oil & Vinegar","subCategoryName":"Animal Oils","title":"Organic Grass-Fed Ghee","producer":"Ancient Organics","photoPath":"https://goodeggs4.imgix.net/5c1b251b-47ff-4e51-93f7-5c1657f95d82.jpg?w=380&h=238&fm=jpg&auto=compress&fit=crop","price":"19.99","pricePer":"$1.24 / fl oz","purchaseUnit":"16 fl oz"},{"mainCategory":"Pantry","categoryName":"Oil & Vinegar","subCategoryName":"Animal Oils","title":"Duck Fat (Frozen)","producer":"Fabrique Délices","photoPath":"https://goodeggs4.imgix.net/824ecbbb-01bc-411c-ac20-d7df0d3be8c6.jpg?w=380&h=238&fm=jpg&auto=compress&fit=crop","price":"8.99","pricePer":"$1.28 / oz","purchaseUnit":"7 oz"},{"mainCategory":"Pantry","categoryName":"Oil & Vinegar","subCategoryName":"Olive Oils","title":"Organic Extra Virgin Olive Oil","producer":"Napa Valley Naturals","photoPath":"https://goodeggs4.imgix.net/cd6a0138-eeb3-4cad-b9c9-e537735adcca.jpg?w=380&h=238&fm=jpg&auto=compress&fit=crop","price":"24.99","pricePer":"$0.49 / fl oz","purchaseUnit":"1.5 liter"},{"mainCategory":"Pantry","categoryName":"Oil & Vinegar","subCategoryName":"Olive Oils","title":"Estate Grown Arbequina Extra Virgin Olive Oil","producer":"Séka Hills","photoPath":"https://goodeggs4.imgix.net/6ba3253f-84e5-45e0-bbfc-e51d2463cdab.jpg?w=380&h=238&fm=jpg&auto=compress&fit=crop","price":"69.99","pricePer":"$0.54 / fl oz","purchaseUnit":"1 gallon"},{"mainCategory":"Pantry","categoryName":"Oil & Vinegar","subCategoryName":"Olive Oils","title":"Estate Grown Arbequina Extra Virgin Olive Oil","producer":"Séka Hills","photoPath":"https://goodeggs4.imgix.net/2497b88f-6bc6-4d7c-8f6b-5eb8864b6c57.jpg?w=380&h=238&fm=jpg&auto=compress&fit=crop","price":"56.99","pricePer":"$0.56 / fl oz","purchaseUnit":"3 liter"},{"mainCategory":"Pantry","categoryName":"Oil & Vinegar","subCategoryName":"Olive Oils","title":"Everyday Extra Virgin Olive Oil","producer":"California Olive Ranch","photoPath":"https://goodeggs4.imgix.net/50414efb-d872-4a27-97ec-6bb6025cdbaa.jpg?w=380&h=238&fm=jpg&auto=compress&fit=crop","price":"14.99","pricePer":"$0.59 / fl oz","purchaseUnit":"750 ml"},{"mainCategory":"Pantry","categoryName":"Oil & Vinegar","subCategoryName":"Olive Oils","title":"Arbequina Extra Virgin Olive Oil","producer":"Séka Hills","photoPath":"https://goodeggs4.imgix.net/22841fc1-ccbe-40df-87b0-1c1c6f52a2c0.jpg?w=380&h=238&fm=jpg&auto=compress&fit=crop","price":"16.99","pricePer":"$1.00 / fl oz","purchaseUnit":"500 ml"},{"mainCategory":"Pantry","categoryName":"Oil & Vinegar","subCategoryName":"Olive Oils","title":"Everyday Extra Virgin Olive Oil","producer":"California Olive Ranch","photoPath":"https://goodeggs4.imgix.net/63427650-6503-4f07-8444-857a4e8ad407.jpg?w=380&h=238&fm=jpg&auto=compress&fit=crop","price":"10.99","pricePer":"$0.65 / fl oz","purchaseUnit":"500 ml"},{"mainCategory":"Pantry","categoryName":"Oil & Vinegar","subCategoryName":"Olive Oils","title":"Extra Virgin Olive Spray Oil","producer":"La Tourangelle","photoPath":"https://goodeggs4.imgix.net/df089a3a-2f70-4127-a1bc-ad2920753353.jpg?w=380&h=238&fm=jpg&auto=compress&fit=crop","price":"6.99","pricePer":"$1.40 / fl oz","purchaseUnit":"147 ml"},{"mainCategory":"Pantry","categoryName":"Oil & Vinegar","subCategoryName":"Olive Oils","title":"California Extra Virgin Olive Oil","producer":"Fat Gold","photoPath":"https://goodeggs4.imgix.net/bc936335-3aff-4128-8458-65264aa9d8b7.jpg?w=380&h=238&fm=jpg&auto=compress&fit=crop","price":"29.99","pricePer":"$1.77 / fl oz","purchaseUnit":"500 ml"},{"mainCategory":"Pantry","categoryName":"Oil & Vinegar","subCategoryName":"Olive Oils","title":"Fresh 2020 Harvest Olio Nuovo","producer":"Other Brother Co.","photoPath":"https://goodeggs4.imgix.net/79c0d925-081c-480c-a02a-95f85fcf29d6.jpg?w=380&h=238&fm=jpg&auto=compress&fit=crop","price":"24.99","pricePer":"$1.97 / fl oz","purchaseUnit":"375 ml"},{"mainCategory":"Pantry","categoryName":"Oil & Vinegar","subCategoryName":"Olive Oils","title":"Organic Bold Extra Virgin Olive Oil","producer":"ENZO Olive Oil Company","photoPath":"https://goodeggs4.imgix.net/a1e91a30-ea89-40cf-af8c-56019366bb80.jpg?w=380&h=238&fm=jpg&auto=compress&fit=crop","price":"19.99","pricePer":null,"purchaseUnit":"500 ml"},{"mainCategory":"Pantry","categoryName":"Oil & Vinegar","subCategoryName":"Olive Oils","title":"Smooth Extra Virgin Olive Oil","producer":"Other Brother Co.","photoPath":"https://goodeggs4.imgix.net/a1f3b250-80d2-4f5c-a426-070f50c97a76.jpg?w=380&h=238&fm=jpg&auto=compress&fit=crop","price":"19.99","pricePer":"$1.57 / fl oz","purchaseUnit":"375 ml"},{"mainCategory":"Pantry","categoryName":"Oil & Vinegar","subCategoryName":"Olive Oils","title":"Organic Delicate Extra Virgin Olive Oil","producer":"ENZO Olive Oil Company","photoPath":"https://goodeggs4.imgix.net/1c434c3c-4ea0-415f-8edf-929ca7c90ee2.jpg?w=380&h=238&fm=jpg&auto=compress&fit=crop","price":"19.99","pricePer":null,"purchaseUnit":"500 ml"},{"mainCategory":"Pantry","categoryName":"Oil & Vinegar","subCategoryName":"Olive Oils","title":"Organic Extra Virgin Olive Oil with Organic Eureka Lemons","producer":"ENZO Olive Oil Company","photoPath":"https://goodeggs4.imgix.net/5a111572-d78e-47ac-baf1-918db69bcbe7.jpg?w=380&h=238&fm=jpg&auto=compress&fit=crop","price":"17.99","pricePer":null,"purchaseUnit":"250 ml"},{"mainCategory":"Pantry","categoryName":"Oil & Vinegar","subCategoryName":"Olive Oils","title":"Robust Extra Virgin Olive Oil","producer":"Other Brother Co.","photoPath":"https://goodeggs4.imgix.net/d8ba51f8-2c1a-4384-a6f9-e363747c9167.jpg?w=380&h=238&fm=jpg&auto=compress&fit=crop","price":"19.99","pricePer":"$1.57 / fl oz","purchaseUnit":"375 ml"},{"mainCategory":"Pantry","categoryName":"Oil & Vinegar","subCategoryName":"Olive Oils","title":"Organic Extra Virgin Olive Oil with Organic Fresno Chilis","producer":"ENZO Olive Oil Company","photoPath":"https://goodeggs4.imgix.net/e061f06d-baaa-4805-a71f-d4ccbe8581bc.jpg?w=380&h=238&fm=jpg&auto=compress&fit=crop","price":"17.99","pricePer":null,"purchaseUnit":"250 ml"},{"mainCategory":"Pantry","categoryName":"Oil & Vinegar","subCategoryName":"Olive Oils","title":"Organic Extra Virgin Olive Oil with Organic Basil","producer":"ENZO Olive Oil Company","photoPath":"https://goodeggs4.imgix.net/ac021d15-6400-4368-a9ff-162b8b824682.jpg?w=380&h=238&fm=jpg&auto=compress&fit=crop","price":"17.99","pricePer":null,"purchaseUnit":"250 ml"},{"mainCategory":"Pantry","categoryName":"Oil & Vinegar","subCategoryName":"Seed & Nut Oils","title":"Grapeseed Oil","producer":"La Tourangelle","photoPath":"https://goodeggs4.imgix.net/ced1a299-509e-4d6d-9a7c-3f455e5f2883.jpg?w=380&h=238&fm=jpg&auto=compress&fit=crop","price":"7.69","pricePer":"$0.45 / fl oz","purchaseUnit":"500 ml"},{"mainCategory":"Pantry","categoryName":"Oil & Vinegar","subCategoryName":"Seed & Nut Oils","title":"Toasted Sesame Oil","producer":"La Tourangelle","photoPath":"https://goodeggs4.imgix.net/fab5329f-d724-4b10-b24f-d5d3be591c45.jpg?w=380&h=238&fm=jpg&auto=compress&fit=crop","price":"6.69","pricePer":"$0.79 / fl oz","purchaseUnit":"250 ml"},{"mainCategory":"Pantry","categoryName":"Oil & Vinegar","subCategoryName":"Seed & Nut Oils","title":"Organic Virgin Coconut Oil","producer":"Nutiva","photoPath":"https://goodeggs4.imgix.net/4e52676a-8c8c-42ed-96e3-6a97596117f6.jpg?w=380&h=238&fm=jpg&auto=compress&fit=crop","price":"10.99","pricePer":"$0.78 / fl oz","purchaseUnit":"14 fl oz"},{"mainCategory":"Pantry","categoryName":"Oil & Vinegar","subCategoryName":"Seed & Nut Oils","title":"Organic Refined Coconut Oil","producer":"Nutiva","photoPath":"https://goodeggs4.imgix.net/f9fbdde2-68f4-4bb1-a5f9-ee19d983c54a.jpg?w=380&h=238&fm=jpg&auto=compress&fit=crop","price":"10.99","pricePer":"$0.48 / fl oz","purchaseUnit":"23 fl oz"},{"mainCategory":"Pantry","categoryName":"Oil & Vinegar","subCategoryName":"Seed & Nut Oils","title":"Organic Virgin Coconut Oil","producer":"Nutiva","photoPath":"https://goodeggs4.imgix.net/4b3c5bd9-5fd7-4e06-b236-16aa5d8c8616.jpg?w=380&h=238&fm=jpg&auto=compress&fit=crop","price":"17.99","pricePer":"$0.78 / fl oz","purchaseUnit":"23 fl oz"},{"mainCategory":"Pantry","categoryName":"Oil & Vinegar","subCategoryName":"Seed & Nut Oils","title":"Organic Sunflower Oil","producer":"Spectrum Naturals","photoPath":"https://goodeggs4.imgix.net/cce6d5e9-b4c1-4969-8446-c36bb1fc32bc.jpg?w=380&h=238&fm=jpg&auto=compress&fit=crop","price":"9.99","pricePer":"$0.31 / fl oz","purchaseUnit":"32 fl oz"},{"mainCategory":"Pantry","categoryName":"Oil & Vinegar","subCategoryName":"Seed & Nut Oils","title":"Organic Peanut Oil","producer":"Spectrum Naturals","photoPath":"https://goodeggs4.imgix.net/3929d881-538b-4956-8ebe-48716561624d.jpg?w=380&h=238&fm=jpg&auto=compress&fit=crop","price":"8.99","pricePer":"$0.56 / fl oz","purchaseUnit":"16 fl oz"},{"mainCategory":"Pantry","categoryName":"Oil & Vinegar","subCategoryName":"Seed & Nut Oils","title":"Organic Toasted Sesame Oil","producer":"Spectrum Naturals","photoPath":"https://goodeggs4.imgix.net/5cf5b719-f2c8-46f4-803c-553fb419c874.jpg?w=380&h=238&fm=jpg&auto=compress&fit=crop","price":"6.99","pricePer":"$0.87 / fl oz","purchaseUnit":"8 fl oz"},{"mainCategory":"Pantry","categoryName":"Oil & Vinegar","subCategoryName":"Seed & Nut Oils","title":"Organic Unrefined Sesame Oil","producer":"Spectrum Naturals","photoPath":"https://goodeggs4.imgix.net/ae0ca396-694d-4ff9-b5e9-b3d16749cc9c.jpg?w=380&h=238&fm=jpg&auto=compress&fit=crop","price":"8.99","pricePer":"$0.56 / fl oz","purchaseUnit":"16 fl oz"},{"mainCategory":"Pantry","categoryName":"Oil & Vinegar","subCategoryName":"Seed & Nut Oils","title":"Organic Safflower Oil","producer":"Spectrum Naturals","photoPath":"https://goodeggs4.imgix.net/8e1749b3-c072-4617-abbc-51d7c6738c36.jpg?w=380&h=238&fm=jpg&auto=compress&fit=crop","price":"6.99","pricePer":"$0.44 / fl oz","purchaseUnit":"16 fl oz"},{"mainCategory":"Pantry","categoryName":"Oil & Vinegar","subCategoryName":"Seed & Nut Oils","title":"Unrefined Toasted Sesame Oil","producer":"Spectrum Naturals","photoPath":"https://goodeggs4.imgix.net/0bf7a87f-b77f-421c-ae22-310462f163c0.jpg?w=380&h=238&fm=jpg&auto=compress&fit=crop","price":"7.99","pricePer":"$0.49 / fl oz","purchaseUnit":"16 fl oz"},{"mainCategory":"Pantry","categoryName":"Oil & Vinegar","subCategoryName":"Seed & Nut Oils","title":"Roasted Walnut Oil","producer":"La Tourangelle","photoPath":"https://goodeggs4.imgix.net/a57c039c-e3c1-4b44-8721-74589979e0e1.jpg?w=380&h=238&fm=jpg&auto=compress&fit=crop","price":"7.99","pricePer":"$0.47 / fl oz","purchaseUnit":"500 ml"},{"mainCategory":"Pantry","categoryName":"Oil & Vinegar","subCategoryName":"Seed & Nut Oils","title":"Roasted Pistachio Oil","producer":"La Tourangelle","photoPath":"https://goodeggs4.imgix.net/cd56247e-1579-4562-b33f-2521d32bafa7.jpg?w=380&h=238&fm=jpg&auto=compress&fit=crop","price":"10.99","pricePer":"$1.30 / fl oz","purchaseUnit":"250 ml"},{"mainCategory":"Pantry","categoryName":"Oil & Vinegar","subCategoryName":"Seed & Nut Oils","title":"Toasted Pumpkin Seed Oil","producer":"La Tourangelle","photoPath":"https://goodeggs4.imgix.net/b29b72dd-219f-4fc3-85a7-ccdee396f691.jpg?w=380&h=238&fm=jpg&auto=compress&fit=crop","price":"13.99","pricePer":"$1.65 / fl oz","purchaseUnit":"250 ml"},{"mainCategory":"Pantry","categoryName":"Oil & Vinegar","subCategoryName":"Vinegars","title":"Organic Rice Vinegar","producer":"Marukan Vinegar","photoPath":"https://goodeggs4.imgix.net/b8e1c768-ea22-426e-b17b-517f6f29bba2.jpg?w=380&h=238&fm=jpg&auto=compress&fit=crop","price":"3.99","pricePer":"$0.33 / fl oz","purchaseUnit":"12 fl oz"},{"mainCategory":"Pantry","categoryName":"Oil & Vinegar","subCategoryName":"Vinegars","title":"Organic Red Wine Vinegar","producer":"Napa Valley Naturals","photoPath":"https://goodeggs4.imgix.net/c26f563d-0228-463c-86ba-2cd1ab247b48.jpg?w=380&h=238&fm=jpg&auto=compress&fit=crop","price":"4.69","pricePer":"$0.37 / fl oz","purchaseUnit":"12.7 fl oz"},{"mainCategory":"Pantry","categoryName":"Oil & Vinegar","subCategoryName":"Vinegars","title":"Organic Cabernet Sauvignon Vinegar","producer":"Kimberley Wine Vinegars","photoPath":"https://goodeggs4.imgix.net/e9d0e092-3a97-4f4c-b88c-c68437743df4.jpg?w=380&h=238&fm=jpg&auto=compress&fit=crop","price":"10.99","pricePer":"$0.86 / fl oz","purchaseUnit":"375 ml"},{"mainCategory":"Pantry","categoryName":"Oil & Vinegar","subCategoryName":"Vinegars","title":"Organic Raw Unfiltered Apple Cider Vinegar","producer":"Bragg Living Foods","photoPath":"https://goodeggs4.imgix.net/eb2a16de-3e84-49d7-815f-8b2469f92b2e.jpg?w=380&h=238&fm=jpg&auto=compress&fit=crop","price":"5.99","pricePer":"$0.19 / fl oz","purchaseUnit":"32 fl oz"},{"mainCategory":"Pantry","categoryName":"Oil & Vinegar","subCategoryName":"Vinegars","title":"Organic Raw Unfiltered Apple Cider Vinegar","producer":"Bragg Living Foods","photoPath":"https://goodeggs4.imgix.net/f7e986cc-2628-492b-9ae6-d6857d18001a.jpg?w=380&h=238&fm=jpg&auto=compress&fit=crop","price":"3.99","pricePer":"$0.25 / fl oz","purchaseUnit":"16 fl oz"},{"mainCategory":"Pantry","categoryName":"Oil & Vinegar","subCategoryName":"Vinegars","title":"Barrel Aged Apple Cider Vinegar","producer":"Little Apple Treats","photoPath":"https://goodeggs4.imgix.net/878c9474-a80d-4ef3-9012-a7325cdd53bd.jpg?w=380&h=238&fm=jpg&auto=compress&fit=crop","price":"19.99","pricePer":"$1.57 / fl oz","purchaseUnit":"375 ml"},{"mainCategory":"Pantry","categoryName":"Oil & Vinegar","subCategoryName":"Vinegars","title":"Organic Distilled White Vinegar","producer":"Spectrum Naturals","photoPath":"https://goodeggs4.imgix.net/e99f919b-4553-4a89-9bae-ffc683ae28bf.jpg?w=380&h=238&fm=jpg&auto=compress&fit=crop","price":"5.99","pricePer":"$0.19 / fl oz","purchaseUnit":"32 fl oz"},{"mainCategory":"Pantry","categoryName":"Oil & Vinegar","subCategoryName":"Vinegars","title":"Blackberry Balsamic Vinegar","producer":"Cloud 9 Orchard","photoPath":"https://goodeggs4.imgix.net/446e2888-1acc-4d81-9f10-5f8cc5c4f0d6.jpg?w=380&h=238&fm=jpg&auto=compress&fit=crop","price":"15.99","pricePer":"$1.89 / fl oz","purchaseUnit":"250 ml"},{"mainCategory":"Pantry","categoryName":"Oil & Vinegar","subCategoryName":"Vinegars","title":"Sherry Vinegar","producer":"Kimberley Wine Vinegars","photoPath":"https://goodeggs4.imgix.net/456517b0-8679-11eb-8665-71949032d855?w=380&h=238&fm=jpg&auto=compress&fit=crop","price":"10.99","pricePer":"$0.87 / fl oz","purchaseUnit":"12.5 fl oz"},{"mainCategory":"Pantry","categoryName":"Oil & Vinegar","subCategoryName":"Vinegars","title":"Organic Balsamic Vinegar","producer":"Napa Valley Naturals","photoPath":"https://goodeggs4.imgix.net/ea771d4f-6bab-46c3-bc55-ed64fd4af448.jpg?w=380&h=238&fm=jpg&auto=compress&fit=crop","price":"5.99","pricePer":"$0.47 / fl oz","purchaseUnit":"12.7 fl oz"},{"mainCategory":"Pantry","categoryName":"Oil & Vinegar","subCategoryName":"Vinegars","title":"Premium Aged Balsamic Vinegar","producer":"Cloud 9 Orchard","photoPath":"https://goodeggs4.imgix.net/c285ffcf-9b0d-4c78-abbc-73528654338b.jpg?w=380&h=238&fm=jpg&auto=compress&fit=crop","price":"15.99","pricePer":"$1.89 / fl oz","purchaseUnit":"250 ml"},{"mainCategory":"Pantry","categoryName":"Oil & Vinegar","subCategoryName":"Vinegars","title":"Organic Private Reserve Balsamic Vinegar","producer":"Napa Valley Naturals","photoPath":"https://goodeggs4.imgix.net/589524ba-7d7c-4186-bb5e-b7a1e213ccf9.jpg?w=380&h=238&fm=jpg&auto=compress&fit=crop","price":"10.99","pricePer":"$0.86 / fl oz","purchaseUnit":"12.7 fl oz"},{"mainCategory":"Pantry","categoryName":"Oil & Vinegar","subCategoryName":"Vinegars","title":"California Balsamic Vinegar","producer":"Kimberley Wine Vinegars","photoPath":"https://goodeggs4.imgix.net/0e7dd3e6-f6ca-44c7-9cf6-7e20caf3dd56.jpg?w=380&h=238&fm=jpg&auto=compress&fit=crop","price":"10.99","pricePer":"$0.86 / fl oz","purchaseUnit":"375 ml"},{"mainCategory":"Pantry","categoryName":"Oil & Vinegar","subCategoryName":"Vinegars","title":"Organic White Wine Vinegar","producer":"Napa Valley Naturals","photoPath":"https://goodeggs4.imgix.net/0e432580-395d-4526-8823-de9975bee383.jpg?w=380&h=238&fm=jpg&auto=compress&fit=crop","price":"4.69","pricePer":"$0.37 / fl oz","purchaseUnit":"12.7 fl oz"},{"mainCategory":"Pantry","categoryName":"Oil & Vinegar","subCategoryName":"Vinegars","title":"Barrel Aged Champagne Vinegar","producer":"Napa Valley Naturals","photoPath":"https://goodeggs4.imgix.net/ccf16509-2081-4492-bb7a-150c128f1527.jpg?w=380&h=238&fm=jpg&auto=compress&fit=crop","price":"4.69","pricePer":"$0.37 / fl oz","purchaseUnit":"12.7 fl oz"},{"mainCategory":"Pantry","categoryName":"Oil & Vinegar","subCategoryName":"Vinegars","title":"Organic Champagne Wine Vinegar","producer":"Kimberley Wine Vinegars","photoPath":"https://goodeggs4.imgix.net/49dd91dc-af58-4070-b9d4-c650a364bfdd.jpg?w=380&h=238&fm=jpg&auto=compress&fit=crop","price":"10.99","pricePer":"$0.86 / fl oz","purchaseUnit":"375 ml"},{"mainCategory":"Pantry","categoryName":"Oil & Vinegar","subCategoryName":"Vinegars","title":"Organic Chardonnay Wine Vinegar","producer":"Kimberley Wine Vinegars","photoPath":"https://goodeggs4.imgix.net/062bcc34-4537-4ce5-8fc3-f8d44ecfa1e4.jpg?w=380&h=238&fm=jpg&auto=compress&fit=crop","price":"10.99","pricePer":"$0.86 / fl oz","purchaseUnit":"375 ml"},{"mainCategory":"Pantry","categoryName":"Oil & Vinegar","subCategoryName":"Vegetable Oils","title":"Avocado Oil","producer":"La Tourangelle","photoPath":"https://goodeggs4.imgix.net/b1fa563a-1440-45f5-861a-aad1dfd80bfe.jpg?w=380&h=238&fm=jpg&auto=compress&fit=crop","price":"11.69","pricePer":"$0.69 / fl oz","purchaseUnit":"500 ml"},{"mainCategory":"Pantry","categoryName":"Oil & Vinegar","subCategoryName":"Vegetable Oils","title":"Avocado Spray Oil","producer":"La Tourangelle","photoPath":"https://goodeggs4.imgix.net/bf2643d6-f921-4c2c-ae3d-a33859866d39.jpg?w=380&h=238&fm=jpg&auto=compress&fit=crop","price":"7.99","pricePer":"$1.60 / fl oz","purchaseUnit":"147 ml"},{"mainCategory":"Pantry","categoryName":"Oil & Vinegar","subCategoryName":"Vegetable Oils","title":"Organic Canola Oil","producer":"La Tourangelle","photoPath":"https://goodeggs4.imgix.net/e4b2e69a-c95e-493d-a9f7-016903058c94.jpg?w=380&h=238&fm=jpg&auto=compress&fit=crop","price":"5.69","pricePer":"$0.34 / fl oz","purchaseUnit":"500 ml"},{"mainCategory":"Pantry","categoryName":"Oil & Vinegar","subCategoryName":"Vegetable Oils","title":"Canola Oil","producer":"Spectrum Naturals","photoPath":"https://goodeggs4.imgix.net/9b08f18d-e0bb-4fd9-952c-ded807453fb0.jpg?w=380&h=238&fm=jpg&auto=compress&fit=crop","price":"6.39","pricePer":"$0.20 / fl oz","purchaseUnit":"32 fl oz"},{"mainCategory":"Pantry","categoryName":"Oil & Vinegar","subCategoryName":"Vegetable Oils","title":"Safflower Oil","producer":"Spectrum Naturals","photoPath":"https://goodeggs4.imgix.net/c594ec3d-1111-45f1-9d13-1b96a71284b5.jpg?w=380&h=238&fm=jpg&auto=compress&fit=crop","price":"6.99","pricePer":"$0.22 / fl oz","purchaseUnit":"32 fl oz"},{"mainCategory":"Pantry","categoryName":"Oil & Vinegar","subCategoryName":"Vegetable Oils","title":"Organic Canola Spray Oil","producer":"La Tourangelle","photoPath":"https://goodeggs4.imgix.net/247d2307-957d-4c8f-a56e-a1edefff4354.jpg?w=380&h=238&fm=jpg&auto=compress&fit=crop","price":"5.99","pricePer":"$1.20 / fl oz","purchaseUnit":"147 ml"},{"mainCategory":"Pantry","categoryName":"Oil & Vinegar","subCategoryName":"Vegetable Oils","title":"Spray Canola Oil","producer":"Spectrum Naturals","photoPath":"https://goodeggs4.imgix.net/64d8d431-a776-42dc-99d8-db4bc6b9ba83.jpg?w=380&h=238&fm=jpg&auto=compress&fit=crop","price":"8.99","pricePer":"$0.56 / oz","purchaseUnit":"16 oz"},{"mainCategory":"Pantry","categoryName":"Oil & Vinegar","subCategoryName":"Vegetable Oils","title":"Organic Vegan Shortening","producer":"Nutiva","photoPath":"https://goodeggs4.imgix.net/8a8fde1d-b796-4b14-b4a8-f653af645237.jpg?w=380&h=238&fm=jpg&auto=compress&fit=crop","price":"6.99","pricePer":"$0.47 / fl oz","purchaseUnit":"15 oz"},{"mainCategory":"Pantry","categoryName":"Oil & Vinegar","subCategoryName":"Vegetable Oils","title":"Roasted Hazelnut Oil","producer":"La Tourangelle","photoPath":"https://goodeggs4.imgix.net/d6c7f2a0-60cd-4e6d-823b-9157f87c9b6e.jpg?w=380&h=238&fm=jpg&auto=compress&fit=crop","price":"7.99","pricePer":"$0.94 / fl oz","purchaseUnit":"250 ml"},{"mainCategory":"Pantry","categoryName":"Oil & Vinegar","subCategoryName":"Vegetable Oils","title":"Roasted Almond Oil","producer":"La Tourangelle","photoPath":"https://goodeggs4.imgix.net/68c5d072-7fbb-4244-baa1-8845a7269bca.jpg?w=380&h=238&fm=jpg&auto=compress&fit=crop","price":"7.99","pricePer":"$0.94 / fl oz","purchaseUnit":"250 ml"},{"mainCategory":"Pantry","categoryName":"Oil & Vinegar","subCategoryName":"Flavored Oils","title":"Garlic Infused Oil","producer":"La Tourangelle","photoPath":"https://goodeggs4.imgix.net/4c46d2cf-9278-4898-8893-025013cccfea.jpg?w=380&h=238&fm=jpg&auto=compress&fit=crop","price":"6.69","pricePer":"$0.79 / fl oz","purchaseUnit":"250 ml"},{"mainCategory":"Pantry","categoryName":"Oil & Vinegar","subCategoryName":"Flavored Oils","title":"Basil Infused Oil","producer":"La Tourangelle","photoPath":"https://goodeggs4.imgix.net/787d5928-3a30-4b49-aca6-68f4a23817a0.jpg?w=380&h=238&fm=jpg&auto=compress&fit=crop","price":"6.69","pricePer":"$0.79 / fl oz","purchaseUnit":"250 ml"},{"mainCategory":"Pantry","categoryName":"Oil & Vinegar","subCategoryName":"Flavored Oils","title":"Herbes de Provence Infused Oil","producer":"La Tourangelle","photoPath":"https://goodeggs4.imgix.net/388ff19d-00d6-4020-aba4-b782a3832ad0.jpg?w=380&h=238&fm=jpg&auto=compress&fit=crop","price":"6.69","pricePer":"$0.79 / fl oz","purchaseUnit":"250 ml"},{"mainCategory":"Pantry","categoryName":"Stocks & Broths","subCategoryName":"Veggie","title":"Organic Vegetable Broth","producer":"Pacific Foods","photoPath":"https://goodeggs4.imgix.net/6aa00d27-eaed-4181-8bf0-4a26109b9672.jpg?w=380&h=238&fm=jpg&auto=compress&fit=crop","price":"3.99","pricePer":"$0.12 / fl oz","purchaseUnit":"32 fl oz"},{"mainCategory":"Pantry","categoryName":"Stocks & Broths","subCategoryName":"Veggie","title":"Organic Mushroom Broth","producer":"Pacific Foods","photoPath":"https://goodeggs4.imgix.net/14a4f475-914f-4138-98b4-0fcf60cd1e04.jpg?w=380&h=238&fm=jpg&auto=compress&fit=crop","price":"3.99","pricePer":"$0.12 / fl oz","purchaseUnit":"32 fl oz"},{"mainCategory":"Pantry","categoryName":"Stocks & Broths","subCategoryName":"Veggie","title":"Miso Ramen Broth","producer":"Nona Lim","photoPath":"https://goodeggs4.imgix.net/f346ae8a-beb5-4679-8d01-097dddf0bd3c.jpg?w=380&h=238&fm=jpg&auto=compress&fit=crop","price":"7.99","pricePer":"$0.40 / fl oz","purchaseUnit":"20 fl oz"},{"mainCategory":"Pantry","categoryName":"Stocks & Broths","subCategoryName":"Poultry","title":"Organic Free Range Chicken Broth","producer":"Pacific Foods","photoPath":"https://goodeggs4.imgix.net/964bd5c3-3a62-4c29-9f1a-9bc7bb4bc47b.jpg?w=380&h=238&fm=jpg&auto=compress&fit=crop","price":"3.99","pricePer":"$0.12 / fl oz","purchaseUnit":"32 fl oz"},{"mainCategory":"Pantry","categoryName":"Stocks & Broths","subCategoryName":"Poultry","title":"Butcher's Chicken Bone Broth","producer":"RoliRoti","photoPath":"https://goodeggs4.imgix.net/1289db9d-5e3a-41b6-b864-b4c9e1ae09ba.jpg?w=380&h=238&fm=jpg&auto=compress&fit=crop","price":"6.99","pricePer":"$0.29 / fl oz","purchaseUnit":"24 fl oz"},{"mainCategory":"Pantry","categoryName":"Stocks & Broths","subCategoryName":"Poultry","title":"Ginger Chicken Bone Broth","producer":"Mama Tong","photoPath":"https://goodeggs4.imgix.net/e76508e0-2d70-47ca-81af-08f8f238e724.jpg?w=380&h=238&fm=jpg&auto=compress&fit=crop","price":"11.49","pricePer":"$0.71 / fl oz","purchaseUnit":"16 fl oz"},{"mainCategory":"Pantry","categoryName":"Stocks & Broths","subCategoryName":"Poultry","title":"Turmeric Chicken Bone Broth Cup","producer":"Nona Lim","photoPath":"https://goodeggs4.imgix.net/472346f7-b04b-462f-b598-51aad166a4d1.jpg?w=380&h=238&fm=jpg&auto=compress&fit=crop","price":"5.49","pricePer":"$0.54 / fl oz","purchaseUnit":"10 fl oz"},{"mainCategory":"Pantry","categoryName":"Stocks & Broths","subCategoryName":"Poultry","title":"Chicken Bone Broth","producer":"Mama Tong","photoPath":"https://goodeggs4.imgix.net/a23c1ad2-20cd-414a-b983-810b72f1e061.jpg?w=380&h=238&fm=jpg&auto=compress&fit=crop","price":"22.99","pricePer":"$0.71 / fl oz","purchaseUnit":"32 fl oz"},{"mainCategory":"Pantry","categoryName":"Stocks & Broths","subCategoryName":"Poultry","title":"Organic Chicken Bone Broth","producer":"Pacific Foods","photoPath":"https://goodeggs4.imgix.net/d675f718-e803-4399-8eb8-e7e5c77d8118.jpg?w=380&h=238&fm=jpg&auto=compress&fit=crop","price":"6.69","pricePer":"$0.21 / fl oz","purchaseUnit":"32 fl oz"},{"mainCategory":"Pantry","categoryName":"Stocks & Broths","subCategoryName":"Poultry","title":"Organic Chicken Bone Broth","producer":"Kitchen Witch","photoPath":"https://goodeggs4.imgix.net/343e200c-7472-4f59-aff5-826c82ac0e79.jpg?w=380&h=238&fm=jpg&auto=compress&fit=crop","price":"10.99","pricePer":"$0.68 / fl oz","purchaseUnit":"16 fl oz"},{"mainCategory":"Pantry","categoryName":"Stocks & Broths","subCategoryName":"Poultry","title":"Freeze-Dried Chicken Bone Broth","producer":"Wander Broth","photoPath":"https://goodeggs4.imgix.net/dccec466-01c4-49c9-9f53-2338e1e6ddd1.jpg?w=380&h=238&fm=jpg&auto=compress&fit=crop","price":"4.99","pricePer":"$7.92 / oz","purchaseUnit":"1 count"},{"mainCategory":"Pantry","categoryName":"Stocks & Broths","subCategoryName":"Poultry","title":"Organic Chicken Bone Broth","producer":"Pacific Foods","photoPath":"https://goodeggs4.imgix.net/b788e4f6-dee8-4567-ac34-6132c23cc020.jpg?w=380&h=238&fm=jpg&auto=compress&fit=crop","price":"2.49","pricePer":"$0.31 / fl oz","purchaseUnit":"8 fl oz"},{"mainCategory":"Pantry","categoryName":"Stocks & Broths","subCategoryName":"Poultry","title":"Organic Freeze-Dried Chicken Bone Broth (Bulk)","producer":"Wander Broth","photoPath":"https://goodeggs4.imgix.net/2bc18c58-8960-4b7e-935b-a101350ac4ed.jpg?w=380&h=238&fm=jpg&auto=compress&fit=crop","price":"49.99","pricePer":"$7.30 / oz","purchaseUnit":"6.84 oz"},{"mainCategory":"Pantry","categoryName":"Stocks & Broths","subCategoryName":"Poultry","title":"Organic Free Range Turkey Broth","producer":"Pacific Foods","photoPath":"https://goodeggs4.imgix.net/4638ac1c-d08a-466b-a13e-0791c71fd21d.jpg?w=380&h=238&fm=jpg&auto=compress&fit=crop","price":"4.39","pricePer":"$0.14 / fl oz","purchaseUnit":"32 fl oz"},{"mainCategory":"Pantry","categoryName":"Stocks & Broths","subCategoryName":"Poultry","title":"Coconut Lime Chicken Bone Broth","producer":"Nona Lim","photoPath":"https://goodeggs4.imgix.net/327ae71a-3dc2-4bb4-8d65-31e31ce04524.jpg?w=380&h=238&fm=jpg&auto=compress&fit=crop","price":"8.99","pricePer":"$0.45 / fl oz","purchaseUnit":"20 fl oz"},{"mainCategory":"Pantry","categoryName":"Stocks & Broths","subCategoryName":"Poultry","title":"Turmeric Chicken Bone Broth","producer":"Nona Lim","photoPath":"https://goodeggs4.imgix.net/a6a61be0-a975-4c74-a5e5-d140943833a9.jpg?w=380&h=238&fm=jpg&auto=compress&fit=crop","price":"8.99","pricePer":"$0.45 / fl oz","purchaseUnit":"20 fl oz"},{"mainCategory":"Pantry","categoryName":"Stocks & Broths","subCategoryName":"Poultry","title":"Spicy Chicken Ramen Bone Broth","producer":"Nona Lim","photoPath":"https://goodeggs4.imgix.net/f851d985-3854-43cc-9943-6c05470eeabc.jpg?w=380&h=238&fm=jpg&auto=compress&fit=crop","price":"8.99","pricePer":"$0.45 / fl oz","purchaseUnit":"20 fl oz"},{"mainCategory":"Pantry","categoryName":"Stocks & Broths","subCategoryName":"Poultry","title":"Turkey Bone Broth","producer":"Mama Tong","photoPath":"https://goodeggs4.imgix.net/607db260-40d5-40d9-823e-028d8ebbe1fb.jpg?w=380&h=238&fm=jpg&auto=compress&fit=crop","price":"19.99","pricePer":"$0.62 / fl oz","purchaseUnit":"32 fl oz"},{"mainCategory":"Pantry","categoryName":"Stocks & Broths","subCategoryName":"Poultry","title":"Butcher's Turkey Bone Broth","producer":"RoliRoti","photoPath":"https://goodeggs4.imgix.net/42736204-f828-4236-9945-15a2a3630239.jpg?w=380&h=238&fm=jpg&auto=compress&fit=crop","price":"6.99","pricePer":"$0.29 / fl oz","purchaseUnit":"24 fl oz"},{"mainCategory":"Pantry","categoryName":"Stocks & Broths","subCategoryName":"Beef & Pork","title":"Shiitake Beef Bone Broth Cup","producer":"Nona Lim","photoPath":"https://goodeggs4.imgix.net/e8be6c87-bb9f-4273-8766-a5423f185209.jpg?w=380&h=238&fm=jpg&auto=compress&fit=crop","price":"5.49","pricePer":"$0.54 / fl oz","purchaseUnit":"10 fl oz"},{"mainCategory":"Pantry","categoryName":"Stocks & Broths","subCategoryName":"Beef & Pork","title":"Butcher's Beef Bone Broth","producer":"RoliRoti","photoPath":"https://goodeggs4.imgix.net/894ffcff-852b-452b-bc9f-62df97e83c53.jpg?w=380&h=238&fm=jpg&auto=compress&fit=crop","price":"7.99","pricePer":"$0.33 / fl oz","purchaseUnit":"24 fl oz"},{"mainCategory":"Pantry","categoryName":"Stocks & Broths","subCategoryName":"Beef & Pork","title":"Organic Beef Bone Broth","producer":"Kitchen Witch","photoPath":"https://goodeggs4.imgix.net/e89d72f3-e002-42f0-8393-69cd754aaeac.jpg?w=380&h=238&fm=jpg&auto=compress&fit=crop","price":"12.99","pricePer":"$0.81 / fl oz","purchaseUnit":"16 fl oz"},{"mainCategory":"Pantry","categoryName":"Stocks & Broths","subCategoryName":"Beef & Pork","title":"Organic Beef Broth","producer":"Pacific Foods","photoPath":"https://goodeggs4.imgix.net/5f989b18-be69-47e1-95f1-098dd218bc04.jpg?w=380&h=238&fm=jpg&auto=compress&fit=crop","price":"4.39","pricePer":"$0.14 / fl oz","purchaseUnit":"32 fl oz"},{"mainCategory":"Pantry","categoryName":"Stocks & Broths","subCategoryName":"Beef & Pork","title":"Freeze-Dried Grass-Fed Beef Bone Broth","producer":"Wander Broth","photoPath":"https://goodeggs4.imgix.net/91a20eb2-acc5-4ee4-8ad4-7f9ffdd44a62.jpg?w=380&h=238&fm=jpg&auto=compress&fit=crop","price":"4.99","pricePer":"$7.92 / oz","purchaseUnit":"1 count"},{"mainCategory":"Pantry","categoryName":"Stocks & Broths","subCategoryName":"Beef & Pork","title":"Organic Beef Bone Broth","producer":"Pacific Foods","photoPath":"https://goodeggs4.imgix.net/08ab993c-ee8e-41f5-a686-dcfb5049dcec.jpg?w=380&h=238&fm=jpg&auto=compress&fit=crop","price":"6.69","pricePer":"$0.21 / fl oz","purchaseUnit":"32 fl oz"},{"mainCategory":"Pantry","categoryName":"Sauces & Condiments","subCategoryName":"Ketchup, Mustard & Mayo","title":"Organic Ketchup","producer":"Annie's Homegrown","photoPath":"https://goodeggs4.imgix.net/089611e5-17b4-44a1-bae9-72d7d920324b.jpg?w=380&h=238&fm=jpg&auto=compress&fit=crop","price":"3.99","pricePer":"$0.20 / oz","purchaseUnit":"20 oz"},{"mainCategory":"Pantry","categoryName":"Sauces & Condiments","subCategoryName":"Ketchup, Mustard & Mayo","title":"Classic Ketchup","producer":"Sir Kensington's","photoPath":"https://goodeggs4.imgix.net/774fd7d8-8c68-4287-a0b0-741792bf1c37.jpg?w=380&h=238&fm=jpg&auto=compress&fit=crop","price":"4.99","pricePer":"$0.25 / oz","purchaseUnit":"20 oz"},{"mainCategory":"Pantry","categoryName":"Sauces & Condiments","subCategoryName":"Ketchup, Mustard & Mayo","title":"San Francisco-Style Ketchup","producer":"welovejam","photoPath":"https://goodeggs4.imgix.net/fa0bbfbb-6679-4700-a5e5-29d904fabaa1.jpg?w=380&h=238&fm=jpg&auto=compress&fit=crop","price":"5.99","pricePer":"$0.37 / oz","purchaseUnit":"16 oz"},{"mainCategory":"Pantry","categoryName":"Sauces & Condiments","subCategoryName":"Ketchup, Mustard & Mayo","title":"Classic Mayonnaise","producer":"Sir Kensington's","photoPath":"https://goodeggs4.imgix.net/b2f125fe-fef5-4ee3-9c0a-09bf4c20a4cc.jpg?w=380&h=238&fm=jpg&auto=compress&fit=crop","price":"7.99","pricePer":"$0.66 / oz","purchaseUnit":"12 oz"},{"mainCategory":"Pantry","categoryName":"Sauces & Condiments","subCategoryName":"Ketchup, Mustard & Mayo","title":"Organic Squeezable Mayo","producer":"Woodstock","photoPath":"https://goodeggs4.imgix.net/bbde0a88-378c-4fab-8f69-e1caa0a45bff.jpg?w=380&h=238&fm=jpg&auto=compress&fit=crop","price":"5.99","pricePer":"$0.53 / oz","purchaseUnit":"11.25 oz"},{"mainCategory":"Pantry","categoryName":"Sauces & Condiments","subCategoryName":"Ketchup, Mustard & Mayo","title":"Classic Mayonnaise","producer":"Sir Kensington's","photoPath":"https://goodeggs4.imgix.net/886d467b-794a-4fc0-973c-73a453cea8dd.jpeg?w=380&h=238&fm=jpg&auto=compress&fit=crop","price":"9.99","pricePer":"$0.62 / oz","purchaseUnit":"16 oz"},{"mainCategory":"Pantry","categoryName":"Sauces & Condiments","subCategoryName":"Ketchup, Mustard & Mayo","title":"Mayo with Avocado Oil","producer":"Primal Kitchen","photoPath":"https://goodeggs4.imgix.net/f21ff0e6-d5e3-4315-a94e-0ca1efad0b7d.jpg?w=380&h=238&fm=jpg&auto=compress&fit=crop","price":"9.99","pricePer":"$0.83 / oz","purchaseUnit":"12 oz"},{"mainCategory":"Pantry","categoryName":"Sauces & Condiments","subCategoryName":"Ketchup, Mustard & Mayo","title":"Garlic Aioli Mayo with Avocado Oil","producer":"Primal Kitchen","photoPath":"https://goodeggs4.imgix.net/06837dca-af98-4076-8d01-a2f71d411c32.jpg?w=380&h=238&fm=jpg&auto=compress&fit=crop","price":"9.99","pricePer":"$0.83 / oz","purchaseUnit":"12 oz"},{"mainCategory":"Pantry","categoryName":"Sauces & Condiments","subCategoryName":"Ketchup, Mustard & Mayo","title":"Chipotle Mayonnaise","producer":"Sir Kensington's","photoPath":"https://goodeggs4.imgix.net/c728e7d3-78fc-4850-a6ae-dbdd159c5ea4.jpg?w=380&h=238&fm=jpg&auto=compress&fit=crop","price":"6.39","pricePer":"$0.63 / oz","purchaseUnit":"10 oz"},{"mainCategory":"Pantry","categoryName":"Sauces & Condiments","subCategoryName":"Ketchup, Mustard & Mayo","title":"Special Sauce","producer":"Sir Kensington's","photoPath":"https://goodeggs4.imgix.net/416ef0bf-b9bd-4301-b516-cae3c03d1263.jpg?w=380&h=238&fm=jpg&auto=compress&fit=crop","price":"5.99","pricePer":"$0.59 / oz","purchaseUnit":"10 oz"},{"mainCategory":"Pantry","categoryName":"Sauces & Condiments","subCategoryName":"Ketchup, Mustard & Mayo","title":"Chipotle Lime Mayo with Avocado Oil","producer":"Primal Kitchen","photoPath":"https://goodeggs4.imgix.net/6c4a39f7-9247-45df-bf91-ea9f20bd9a6d.jpg?w=380&h=238&fm=jpg&auto=compress&fit=crop","price":"9.99","pricePer":"$0.83 / oz","purchaseUnit":"12 oz"},{"mainCategory":"Pantry","categoryName":"Sauces & Condiments","subCategoryName":"Ketchup, Mustard & Mayo","title":"Dijon Mustard","producer":"Sir Kensington's","photoPath":"https://goodeggs4.imgix.net/b70093d6-7057-48d6-acc9-73800f666716.jpg?w=380&h=238&fm=jpg&auto=compress&fit=crop","price":"5.99","pricePer":"$0.54 / oz","purchaseUnit":"11 oz"},{"mainCategory":"Pantry","categoryName":"Sauces & Condiments","subCategoryName":"Ketchup, Mustard & Mayo","title":"Organic Dijon Mustard","producer":"Annie's Homegrown","photoPath":"https://goodeggs4.imgix.net/7a3dfa2a-ef9d-4fe1-981d-84840adaedcd.jpg?w=380&h=238&fm=jpg&auto=compress&fit=crop","price":"3.99","pricePer":"$0.44 / oz","purchaseUnit":"9 oz"},{"mainCategory":"Pantry","categoryName":"Sauces & Condiments","subCategoryName":"Ketchup, Mustard & Mayo","title":"Yellow Mustard","producer":"Sir Kensington's","photoPath":"https://goodeggs4.imgix.net/1bafc204-24ed-49be-8ad9-7f5d6c1ccb47.jpg?w=380&h=238&fm=jpg&auto=compress&fit=crop","price":"3.99","pricePer":"$0.44 / oz","purchaseUnit":"9 oz"},{"mainCategory":"Pantry","categoryName":"Sauces & Condiments","subCategoryName":"Ketchup, Mustard & Mayo","title":"Organic Yellow Mustard","producer":"Annie's Homegrown","photoPath":"https://goodeggs4.imgix.net/a1fbdcd5-d531-41f5-83e5-dc6867cc90f0.jpg?w=380&h=238&fm=jpg&auto=compress&fit=crop","price":"3.99","pricePer":"$0.44 / oz","purchaseUnit":"9 oz"},{"mainCategory":"Pantry","categoryName":"Sauces & Condiments","subCategoryName":"Ketchup, Mustard & Mayo","title":"Organic Honey Mustard","producer":"Annie's Homegrown","photoPath":"https://goodeggs4.imgix.net/5a182310-6f30-4392-84b1-3a730a4523c2.jpg?w=380&h=238&fm=jpg&auto=compress&fit=crop","price":"3.99","pricePer":"$0.44 / oz","purchaseUnit":"9 oz"},{"mainCategory":"Pantry","categoryName":"Sauces & Condiments","subCategoryName":"Ketchup, Mustard & Mayo","title":"Spicy Brown Mustard","producer":"Sir Kensington's","photoPath":"https://goodeggs4.imgix.net/63e99f16-c458-450e-b27b-84d175aca72f.jpg?w=380&h=238&fm=jpg&auto=compress&fit=crop","price":"5.99","pricePer":"$0.54 / oz","purchaseUnit":"11 oz"},{"mainCategory":"Pantry","categoryName":"Sauces & Condiments","subCategoryName":"Ketchup, Mustard & Mayo","title":"Prepared Horseradish","producer":"Bubbies Fine Foods","photoPath":"https://goodeggs4.imgix.net/4867e9ab-5215-4927-9344-57331f74dcca.jpg?w=380&h=238&fm=jpg&auto=compress&fit=crop","price":"3.99","pricePer":null,"purchaseUnit":"8 oz"},{"mainCategory":"Pantry","categoryName":"Sauces & Condiments","subCategoryName":"Ketchup, Mustard & Mayo","title":"Organic Cocktail Sauce","producer":"Red Duck","photoPath":"https://goodeggs4.imgix.net/ff8481fc-51a7-4f2c-a9b4-e327cd7e3447.jpg?w=380&h=238&fm=jpg&auto=compress&fit=crop","price":"4.69","pricePer":"$0.58 / oz","purchaseUnit":"8 oz"},{"mainCategory":"Pantry","categoryName":"Sauces & Condiments","subCategoryName":"Tamari & Soy Sauce","title":"Organic Tamari Reduced Sodium","producer":"San J","photoPath":"https://goodeggs4.imgix.net/bea10dc8-1982-4d73-99ac-c21264e3b262.jpg?w=380&h=238&fm=jpg&auto=compress&fit=crop","price":"4.99","pricePer":"$0.49 / fl oz","purchaseUnit":"10 fl oz"},{"mainCategory":"Pantry","categoryName":"Sauces & Condiments","subCategoryName":"Tamari & Soy Sauce","title":"Organic Tamari","producer":"San J","photoPath":"https://goodeggs4.imgix.net/9d098670-d0c8-4dd0-a37f-f702580706b5.jpg?w=380&h=238&fm=jpg&auto=compress&fit=crop","price":"4.39","pricePer":"$0.44 / fl oz","purchaseUnit":"10 fl oz"},{"mainCategory":"Pantry","categoryName":"Sauces & Condiments","subCategoryName":"Tamari & Soy Sauce","title":"Organic Shoyu","producer":"San J","photoPath":"https://goodeggs4.imgix.net/1ecf9586-94e8-4f24-b351-e87ffc17c5c4.jpg?w=380&h=238&fm=jpg&auto=compress&fit=crop","price":"3.39","pricePer":"$0.34 / fl oz","purchaseUnit":"10 fl oz"},{"mainCategory":"Pantry","categoryName":"Sauces & Condiments","subCategoryName":"Tamari & Soy Sauce","title":"Liquid Aminos","producer":"Bragg Living Foods","photoPath":"https://goodeggs4.imgix.net/755e3d0a-9a12-46ab-981c-bc888dda3590.jpg?w=380&h=238&fm=jpg&auto=compress&fit=crop","price":"4.99","pricePer":"$0.31 / fl oz","purchaseUnit":"16 fl oz"},{"mainCategory":"Pantry","categoryName":"Sauces & Condiments","subCategoryName":"Miso & Fish Sauce","title":"40°N Fish Sauce","producer":"Red Boat Fish Sauce","photoPath":"https://goodeggs4.imgix.net/5d6362ef-2a75-4f8f-903c-f036f602811e.jpg?w=380&h=238&fm=jpg&auto=compress&fit=crop","price":"7.99","pricePer":"$0.94 / fl oz","purchaseUnit":"8.5 fl oz"},{"mainCategory":"Pantry","categoryName":"Sauces & Condiments","subCategoryName":"Miso & Fish Sauce","title":"Organic White Miso","producer":"Miso Master","photoPath":"https://goodeggs4.imgix.net/ae56d6d4-66e5-4bd5-a90b-15dc0397a91f.jpg?w=380&h=238&fm=jpg&auto=compress&fit=crop","price":"5.69","pricePer":"$0.71 / oz","purchaseUnit":"8 oz"},{"mainCategory":"Pantry","categoryName":"Sauces & Condiments","subCategoryName":"Miso & Fish Sauce","title":"Organic Red Miso","producer":"Miso Master","photoPath":"https://goodeggs4.imgix.net/4b8aeb9d-c30d-4e15-9123-d9f4fb59e46f.jpg?w=380&h=238&fm=jpg&auto=compress&fit=crop","price":"5.99","pricePer":"$0.74 / oz","purchaseUnit":"8 oz"},{"mainCategory":"Pantry","categoryName":"Sauces & Condiments","subCategoryName":"Miso & Fish Sauce","title":"Country Miso","producer":"Aedan Fermented Foods","photoPath":"https://goodeggs4.imgix.net/44ecd803-cf21-4c60-b1af-82e1d85f5920.jpg?w=380&h=238&fm=jpg&auto=compress&fit=crop","price":"11.99","pricePer":"$1.49 / oz","purchaseUnit":"8 oz"},{"mainCategory":"Pantry","categoryName":"Sauces & Condiments","subCategoryName":"Miso & Fish Sauce","title":"White Miso","producer":"Aedan Fermented Foods","photoPath":"https://goodeggs4.imgix.net/ac429fc3-5160-4682-a7cd-ea89992c290a.jpg?w=380&h=238&fm=jpg&auto=compress&fit=crop","price":"11.99","pricePer":"$1.49 / oz","purchaseUnit":"8 oz"},{"mainCategory":"Pantry","categoryName":"Sauces & Condiments","subCategoryName":"Miso & Fish Sauce","title":"Chickpea Miso","producer":"Aedan Fermented Foods","photoPath":"https://goodeggs4.imgix.net/3018383e-896c-4827-8794-284cf85795d7.jpg?w=380&h=238&fm=jpg&auto=compress&fit=crop","price":"11.99","pricePer":"$1.49 / oz","purchaseUnit":"8 oz"},{"mainCategory":"Pantry","categoryName":"Sauces & Condiments","subCategoryName":"Miso & Fish Sauce","title":"Shio Koji","producer":"Aedan Fermented Foods","photoPath":"https://goodeggs4.imgix.net/4806b0c4-e5ba-4770-bb3e-a77421ac8cb2.jpg?w=380&h=238&fm=jpg&auto=compress&fit=crop","price":"11.99","pricePer":"$1.49 / oz","purchaseUnit":"8 oz"},{"mainCategory":"Pantry","categoryName":"Sauces & Condiments","subCategoryName":"Hot Sauce & BBQ Sauce","title":"BBQ Sauce","producer":"welovejam","photoPath":"https://goodeggs4.imgix.net/c7fed376-0e2d-4500-b780-30687570a1c0.jpg?w=380&h=238&fm=jpg&auto=compress&fit=crop","price":"6.99","pricePer":"$0.44 / fl oz","purchaseUnit":"16 fl oz"},{"mainCategory":"Pantry","categoryName":"Sauces & Condiments","subCategoryName":"Hot Sauce & BBQ Sauce","title":"Spiced Molasses BBQ Sauce","producer":"welovejam","photoPath":"https://goodeggs4.imgix.net/7f672896-d114-4ddf-9f58-4a376e93588c.jpg?w=380&h=238&fm=jpg&auto=compress&fit=crop","price":"6.99","pricePer":"$0.44 / fl oz","purchaseUnit":"16 fl oz"},{"mainCategory":"Pantry","categoryName":"Sauces & Condiments","subCategoryName":"Hot Sauce & BBQ Sauce","title":"Organic Sweet Mustard Peppercorn BBQ Sauce","producer":"Red Duck","photoPath":"https://goodeggs4.imgix.net/75bc71d1-9f7a-44a9-abad-19032e442012.jpg?w=380&h=238&fm=jpg&auto=compress&fit=crop","price":"6.99","pricePer":"$0.41 / oz","purchaseUnit":"17 oz"},{"mainCategory":"Pantry","categoryName":"Sauces & Condiments","subCategoryName":"Hot Sauce & BBQ Sauce","title":"Organic BBQ Sauce","producer":"Annie's Homegrown","photoPath":"https://goodeggs4.imgix.net/7f93cbfb-ed30-4973-82ac-0a20cb6d00ea.jpg?w=380&h=238&fm=jpg&auto=compress&fit=crop","price":"3.99","pricePer":"$0.33 / fl oz","purchaseUnit":"12 fl oz"},{"mainCategory":"Pantry","categoryName":"Sauces & Condiments","subCategoryName":"Hot Sauce & BBQ Sauce","title":"Organic Hot Honey Chipotle BBQ Sauce","producer":"Red Duck","photoPath":"https://goodeggs4.imgix.net/0f85c641-bf8d-41ed-b63b-5aac184ee2e1.jpg?w=380&h=238&fm=jpg&auto=compress&fit=crop","price":"6.99","pricePer":"$0.41 / oz","purchaseUnit":"17 oz"},{"mainCategory":"Pantry","categoryName":"Sauces & Condiments","subCategoryName":"Hot Sauce & BBQ Sauce","title":"Organic Smoked Applewood Molasses BBQ Sauce","producer":"Red Duck","photoPath":"https://goodeggs4.imgix.net/79f39560-de02-4154-9d5e-bac8f4b297a2.jpg?w=380&h=238&fm=jpg&auto=compress&fit=crop","price":"6.99","pricePer":"$0.41 / oz","purchaseUnit":"17 oz"},{"mainCategory":"Pantry","categoryName":"Sauces & Condiments","subCategoryName":"Hot Sauce & BBQ Sauce","title":"Prepared Horseradish","producer":"Bubbies Fine Foods","photoPath":"https://goodeggs4.imgix.net/4867e9ab-5215-4927-9344-57331f74dcca.jpg?w=380&h=238&fm=jpg&auto=compress&fit=crop","price":"3.99","pricePer":null,"purchaseUnit":"8 oz"},{"mainCategory":"Pantry","categoryName":"Sauces & Condiments","subCategoryName":"Hot Sauce & BBQ Sauce","title":"BBQ Sauce","producer":"Healthy Food Inc. Kitchen","photoPath":"https://goodeggs4.imgix.net/0ea05f9c-495f-491d-b6e2-85c0d3f40879.jpg?w=380&h=238&fm=jpg&auto=compress&fit=crop","price":"4.99","pricePer":"$0.71 / oz","purchaseUnit":"7 oz"},{"mainCategory":"Pantry","categoryName":"Sauces & Condiments","subCategoryName":"Hot Sauce & BBQ Sauce","title":"Blue Agave Sriracha","producer":"Yellowbird Sauce","photoPath":"https://goodeggs4.imgix.net/e30bdaa5-a4e1-4066-b838-deaef83a9d50.jpg?w=380&h=238&fm=jpg&auto=compress&fit=crop","price":"5.99","pricePer":"$0.61 / oz","purchaseUnit":"9.8 oz"},{"mainCategory":"Pantry","categoryName":"Sauces & Condiments","subCategoryName":"Hot Sauce & BBQ Sauce","title":"Hot Sauce","producer":"Tia Lupita","photoPath":"https://goodeggs4.imgix.net/6283c63b-a36e-4792-ab52-3f8af8b2b7d8.jpg?w=380&h=238&fm=jpg&auto=compress&fit=crop","price":"6.99","pricePer":"$0.87 / oz","purchaseUnit":"8 oz"},{"mainCategory":"Pantry","categoryName":"Sauces & Condiments","subCategoryName":"Hot Sauce & BBQ Sauce","title":"Verde Hot Sauce","producer":"Tia Lupita","photoPath":"https://goodeggs4.imgix.net/da624753-4a4c-4cf0-8833-6a307784517a.jpg?w=380&h=238&fm=jpg&auto=compress&fit=crop","price":"6.99","pricePer":"$0.87 / oz","purchaseUnit":"8 oz"},{"mainCategory":"Pantry","categoryName":"Sauces & Condiments","subCategoryName":"Hot Sauce & BBQ Sauce","title":"Organic Habanero Hot Sauce","producer":"O'Brothers Organics","photoPath":"https://goodeggs4.imgix.net/436cc71d-06a6-40cf-ae5d-f5f4f0bf6aeb.jpg?w=380&h=238&fm=jpg&auto=compress&fit=crop","price":"3.99","pricePer":"$0.79 / oz","purchaseUnit":"5 oz"},{"mainCategory":"Pantry","categoryName":"Sauces & Condiments","subCategoryName":"Hot Sauce & BBQ Sauce","title":"Habanero Hot Sauce Condiment","producer":"Yellowbird Sauce","photoPath":"https://goodeggs4.imgix.net/33ccc7cc-9259-448a-b7e9-73398ee7c50f.jpg?w=380&h=238&fm=jpg&auto=compress&fit=crop","price":"5.99","pricePer":"$0.61 / oz","purchaseUnit":"9.8 oz"},{"mainCategory":"Pantry","categoryName":"Sauces & Condiments","subCategoryName":"Hot Sauce & BBQ Sauce","title":"Organic Jalapeño Hot Sauce","producer":"O'Brothers Organics","photoPath":"https://goodeggs4.imgix.net/0ee42852-2b26-43a3-b7c7-a4d4be26334a.jpg?w=380&h=238&fm=jpg&auto=compress&fit=crop","price":"3.99","pricePer":"$0.79 / oz","purchaseUnit":"5 oz"},{"mainCategory":"Pantry","categoryName":"Sauces & Condiments","subCategoryName":"Hot Sauce & BBQ Sauce","title":"'Dia del Perro' Alderwood-Smoked Serrano Pepper Sauce","producer":"Lucky Dog Hot Sauce","photoPath":"https://goodeggs4.imgix.net/d02a0e0e-678e-4e2f-9456-0f9cb326a453.jpg?w=380&h=238&fm=jpg&auto=compress&fit=crop","price":"8.69","pricePer":"$1.73 / fl oz","purchaseUnit":"5 fl oz"},{"mainCategory":"Pantry","categoryName":"Sauces & Condiments","subCategoryName":"Hot Sauce & BBQ Sauce","title":"Jalapeño Hot Sauce Condiment","producer":"Yellowbird Sauce","photoPath":"https://goodeggs4.imgix.net/d8b74f76-fda6-4c07-8a05-ffc172c951ad.jpg?w=380&h=238&fm=jpg&auto=compress&fit=crop","price":"5.99","pricePer":"$0.61 / oz","purchaseUnit":"9.8 oz"},{"mainCategory":"Pantry","categoryName":"Sauces & Condiments","subCategoryName":"Hot Sauce & BBQ Sauce","title":"'Year of the Dog' Thai Chile Pineapple Hot Sauce","producer":"Lucky Dog Hot Sauce","photoPath":"https://goodeggs4.imgix.net/52d9df8b-9aa2-45a9-89c3-564364e19fc8.jpg?w=380&h=238&fm=jpg&auto=compress&fit=crop","price":"8.69","pricePer":"$1.73 / fl oz","purchaseUnit":"5 fl oz"},{"mainCategory":"Pantry","categoryName":"Sauces & Condiments","subCategoryName":"Hot Sauce & BBQ Sauce","title":"El Perro Afortunado Fire Roasted Tomato Four Pepper Salsa","producer":"Lucky Dog Hot Sauce","photoPath":"https://goodeggs4.imgix.net/efce3522-40bf-4d7d-bad7-b11d2916b1e1.jpg?w=380&h=238&fm=jpg&auto=compress&fit=crop","price":"8.69","pricePer":"$1.73 / fl oz","purchaseUnit":"5 fl oz"},{"mainCategory":"Pantry","categoryName":"Sauces & Condiments","subCategoryName":"Hot Sauce & BBQ Sauce","title":"Organic Chipotle Habanero Hot Sauce","producer":"O'Brothers Organics","photoPath":"https://goodeggs4.imgix.net/a6680bf9-e514-497c-82cd-e9b45af404e2.jpg?w=380&h=238&fm=jpg&auto=compress&fit=crop","price":"3.99","pricePer":"$0.79 / oz","purchaseUnit":"5 oz"},{"mainCategory":"Pantry","categoryName":"Sauces & Condiments","subCategoryName":"Hot Sauce & BBQ Sauce","title":"Tangy Apple Gochu Jang Hot Sauce","producer":"Sinto Gourmet","photoPath":"https://goodeggs4.imgix.net/7ed35f9b-4aa1-4f11-9bd5-640b89d46907.jpg?w=380&h=238&fm=jpg&auto=compress&fit=crop","price":"6.99","pricePer":"$0.87 / fl oz","purchaseUnit":"8 fl oz"},{"mainCategory":"Pantry","categoryName":"Sauces & Condiments","subCategoryName":"Hot Sauce & BBQ Sauce","title":"Pink Label Applewood-Smoked Habanero Pepper Sauce","producer":"Lucky Dog Hot Sauce","photoPath":"https://goodeggs4.imgix.net/d8b675cd-ef59-4ad0-a6b8-4b737c757e4f.jpg?w=380&h=238&fm=jpg&auto=compress&fit=crop","price":"8.69","pricePer":"$1.73 / fl oz","purchaseUnit":"5 fl oz"},{"mainCategory":"Pantry","categoryName":"Sauces & Condiments","subCategoryName":"Hot Sauce & BBQ Sauce","title":"Hot Honey","producer":"Jacobsen Salt Co.","photoPath":"https://goodeggs4.imgix.net/ceb54c2a-4aee-42a8-8ec6-7c0618aae878.jpg?w=380&h=238&fm=jpg&auto=compress&fit=crop","price":"9.99","pricePer":"$1.24 / oz","purchaseUnit":"8 oz"},{"mainCategory":"Pantry","categoryName":"Sauces & Condiments","subCategoryName":"Salad Dressing & Toppings","title":"Nutritional Yeast","producer":"Bragg Living Foods","photoPath":"https://goodeggs4.imgix.net/e0f18c41-9fd8-4f02-8246-fb54e15f7e63.jpg?w=380&h=238&fm=jpg&auto=compress&fit=crop","price":"5.99","pricePer":"$1.33 / oz","purchaseUnit":"4.5 oz"},{"mainCategory":"Pantry","categoryName":"Sauces & Condiments","subCategoryName":"Salad Dressing & Toppings","title":"Meyer Lemon Vinaigrette","producer":"Healthy Food Inc. Kitchen","photoPath":"https://goodeggs4.imgix.net/6e68c5b0-880b-11eb-8994-e1a9d560c915?w=380&h=238&fm=jpg&auto=compress&fit=crop","price":"4.49","pricePer":"$0.74 / oz","purchaseUnit":"6 oz"},{"mainCategory":"Pantry","categoryName":"Sauces & Condiments","subCategoryName":"Salad Dressing & Toppings","title":"Soy-Ginger Dressing","producer":"Healthy Food Inc. Kitchen","photoPath":"https://goodeggs4.imgix.net/7b4086a0-8811-11eb-a49c-035b9bcc7078?w=380&h=238&fm=jpg&auto=compress&fit=crop","price":"4.49","pricePer":"$0.74 / oz","purchaseUnit":"6 oz"},{"mainCategory":"Pantry","categoryName":"Sauces & Condiments","subCategoryName":"Salad Dressing & Toppings","title":"Red Wine Vinaigrette","producer":"Healthy Food Inc. Kitchen","photoPath":"https://goodeggs4.imgix.net/33cbd4f0-8811-11eb-9180-134c133f9914?w=380&h=238&fm=jpg&auto=compress&fit=crop","price":"4.49","pricePer":"$0.74 / oz","purchaseUnit":"6 oz"},{"mainCategory":"Pantry","categoryName":"Sauces & Condiments","subCategoryName":"Salad Dressing & Toppings","title":"Apple Cider Vinaigrette","producer":"Healthy Food Inc. Kitchen","photoPath":"https://goodeggs4.imgix.net/31ce3130-8806-11eb-a74a-432eca49252a?w=380&h=238&fm=jpg&auto=compress&fit=crop","price":"4.49","pricePer":"$0.74 / oz","purchaseUnit":"6 oz"},{"mainCategory":"Pantry","categoryName":"Sauces & Condiments","subCategoryName":"Salad Dressing & Toppings","title":"Balsamic Vinaigrette","producer":"Healthy Food Inc. Kitchen","photoPath":"https://goodeggs4.imgix.net/c9d75360-8808-11eb-8994-e1a9d560c915?w=380&h=238&fm=jpg&auto=compress&fit=crop","price":"4.49","pricePer":"$0.74 / oz","purchaseUnit":"6 oz"},{"mainCategory":"Pantry","categoryName":"Sauces & Condiments","subCategoryName":"Salad Dressing & Toppings","title":"Meyer Lemon Vinaigrette","producer":"Healthy Food Inc. Kitchen","photoPath":"https://goodeggs4.imgix.net/cc9822a2-ec8d-4639-9194-968629ec3e22.jpg?w=380&h=238&fm=jpg&auto=compress&fit=crop","price":"7.99","pricePer":"$0.69 / oz","purchaseUnit":"11.5 oz"},{"mainCategory":"Pantry","categoryName":"Sauces & Condiments","subCategoryName":"Salad Dressing & Toppings","title":"Green Goddess Dressing","producer":"Healthy Food Inc. Kitchen","photoPath":"https://goodeggs4.imgix.net/dde72c38-fcba-4efd-9cbe-b6740f5d9069.jpg?w=380&h=238&fm=jpg&auto=compress&fit=crop","price":"7.99","pricePer":"$0.69 / oz","purchaseUnit":"11.5 oz"},{"mainCategory":"Pantry","categoryName":"Sauces & Condiments","subCategoryName":"Salad Dressing & Toppings","title":"Cilantro Lime Dressing","producer":"Healthy Food Inc. Kitchen","photoPath":"https://goodeggs4.imgix.net/4ab6c63b-ad38-423e-9f93-0e90f6eb0aca.jpg?w=380&h=238&fm=jpg&auto=compress&fit=crop","price":"7.99","pricePer":"$0.69 / oz","purchaseUnit":"11.5 oz"},{"mainCategory":"Pantry","categoryName":"Sauces & Condiments","subCategoryName":"Salad Dressing & Toppings","title":"Organic Ranch Dressing","producer":"Annie's Homegrown","photoPath":"https://goodeggs4.imgix.net/99a37c24-ae40-4359-846d-6e2593475022.jpg?w=380&h=238&fm=jpg&auto=compress&fit=crop","price":"3.99","pricePer":"$0.49 / fl oz","purchaseUnit":"8 fl oz"},{"mainCategory":"Pantry","categoryName":"Sauces & Condiments","subCategoryName":"Salad Dressing & Toppings","title":"Organic Caesar Dressing","producer":"Annie's Homegrown","photoPath":"https://goodeggs4.imgix.net/c35aecac-a072-45fc-a190-5ea58708ff62.jpg?w=380&h=238&fm=jpg&auto=compress&fit=crop","price":"3.99","pricePer":"$0.49 / fl oz","purchaseUnit":"8 fl oz"},{"mainCategory":"Pantry","categoryName":"Sauces & Condiments","subCategoryName":"Salad Dressing & Toppings","title":"Organic Goddess Dressing","producer":"Annie's Homegrown","photoPath":"https://goodeggs4.imgix.net/78926966-0c51-4969-813e-3233c2ae2bce.jpg?w=380&h=238&fm=jpg&auto=compress&fit=crop","price":"3.99","pricePer":"$0.49 / fl oz","purchaseUnit":"8 fl oz"},{"mainCategory":"Pantry","categoryName":"Sauces & Condiments","subCategoryName":"Salad Dressing & Toppings","title":"Caesar Dressing with Avocado Oil","producer":"Primal Kitchen","photoPath":"https://goodeggs4.imgix.net/7d51e619-b036-4158-85d6-5ee709dc2e2f.jpg?w=380&h=238&fm=jpg&auto=compress&fit=crop","price":"6.99","pricePer":"$0.87 / oz","purchaseUnit":"8 oz"},{"mainCategory":"Pantry","categoryName":"Sauces & Condiments","subCategoryName":"Salad Dressing & Toppings","title":"Organic Balsamic Vinaigrette","producer":"Annie's Homegrown","photoPath":"https://goodeggs4.imgix.net/896f448d-0cda-4608-912c-99003d6c8fd6.jpg?w=380&h=238&fm=jpg&auto=compress&fit=crop","price":"3.99","pricePer":"$0.49 / fl oz","purchaseUnit":"8 fl oz"},{"mainCategory":"Pantry","categoryName":"Sauces & Condiments","subCategoryName":"Salad Dressing & Toppings","title":"Ranch Dressing with Avocado Oil","producer":"Primal Kitchen","photoPath":"https://goodeggs4.imgix.net/1cea6cb1-e955-4f1d-9600-58f8fc5ebb34.jpg?w=380&h=238&fm=jpg&auto=compress&fit=crop","price":"6.99","pricePer":"$0.87 / oz","purchaseUnit":"8 oz"},{"mainCategory":"Pantry","categoryName":"Sauces & Condiments","subCategoryName":"Salad Dressing & Toppings","title":"Green Goddess Dressing with Avocado Oil","producer":"Primal Kitchen","photoPath":"https://goodeggs4.imgix.net/c5d5bd75-f874-4f46-a153-1359f4e322e5.jpg?w=380&h=238&fm=jpg&auto=compress&fit=crop","price":"6.99","pricePer":"$0.87 / oz","purchaseUnit":"8 oz"},{"mainCategory":"Pantry","categoryName":"Sauces & Condiments","subCategoryName":"Salad Dressing & Toppings","title":"Organic Classic Balsamic Vinaigrette","producer":"La Tourangelle","photoPath":"https://goodeggs4.imgix.net/76de798f-13dc-44c7-8b2d-23ec779c4eef.jpg?w=380&h=238&fm=jpg&auto=compress&fit=crop","price":"5.39","pricePer":"$0.63 / fl oz","purchaseUnit":"8.45 fl oz"},{"mainCategory":"Pantry","categoryName":"Sauces & Condiments","subCategoryName":"Salad Dressing & Toppings","title":"Organic Sesame Tamari Vinaigrette","producer":"La Tourangelle","photoPath":"https://goodeggs4.imgix.net/0017b35d-4b2d-42c6-849a-911e0293c0d2.jpg?w=380&h=238&fm=jpg&auto=compress&fit=crop","price":"5.39","pricePer":"$0.63 / fl oz","purchaseUnit":"8.45 fl oz"},{"mainCategory":"Pantry","categoryName":"Sauces & Condiments","subCategoryName":"Salad Dressing & Toppings","title":"Honey Mustard Vinaigrette with Avocado Oil","producer":"Primal Kitchen","photoPath":"https://goodeggs4.imgix.net/d3218531-86bc-4dd9-9678-0618ce1fde3d.jpg?w=380&h=238&fm=jpg&auto=compress&fit=crop","price":"6.99","pricePer":"$0.87 / oz","purchaseUnit":"8 oz"},{"mainCategory":"Pantry","categoryName":"Sauces & Condiments","subCategoryName":"Salad Dressing & Toppings","title":"Yup!Please Dressing","producer":"Farmhouse Lab","photoPath":"https://goodeggs4.imgix.net/80c6474a-23dc-4a03-acd2-35dab6d5b574.jpg?w=380&h=238&fm=jpg&auto=compress&fit=crop","price":"10.99","pricePer":"$1.37 / fl oz","purchaseUnit":"8 fl oz"},{"mainCategory":"Pantry","categoryName":"Sauces & Condiments","subCategoryName":"Salad Dressing & Toppings","title":"Italian Vinaigrette with Avocado Oil","producer":"Primal Kitchen","photoPath":"https://goodeggs4.imgix.net/02e781fb-9276-4119-bbab-7d5b8eec0e57.jpg?w=380&h=238&fm=jpg&auto=compress&fit=crop","price":"6.99","pricePer":"$0.87 / oz","purchaseUnit":"8 oz"},{"mainCategory":"Pantry","categoryName":"Sauces & Condiments","subCategoryName":"Salad Dressing & Toppings","title":"Organic Citrus Chipotle Vinaigrette","producer":"La Tourangelle","photoPath":"https://goodeggs4.imgix.net/efdb626b-f5c6-4668-adf5-a98127ffb20c.jpg?w=380&h=238&fm=jpg&auto=compress&fit=crop","price":"5.39","pricePer":"$0.63 / fl oz","purchaseUnit":"8.45 fl oz"},{"mainCategory":"Pantry","categoryName":"Sauces & Condiments","subCategoryName":"Salad Dressing & Toppings","title":"Green Pumpkin Dressing","producer":"Farmhouse Lab","photoPath":"https://goodeggs4.imgix.net/988e84fa-3818-4ce1-b8ce-9e5f60b5b0d3.jpg?w=380&h=238&fm=jpg&auto=compress&fit=crop","price":"16.99","pricePer":"$2.12 / fl oz","purchaseUnit":"8 fl oz"},{"mainCategory":"Pantry","categoryName":"Sauces & Condiments","subCategoryName":"Salad Dressing & Toppings","title":"Berry Olive Dressing","producer":"Farmhouse Lab","photoPath":"https://goodeggs4.imgix.net/55739c28-8941-40df-9d4b-38d754317d43.jpg?w=380&h=238&fm=jpg&auto=compress&fit=crop","price":"16.99","pricePer":"$2.12 / fl oz","purchaseUnit":"8 fl oz"},{"mainCategory":"Pantry","categoryName":"Sauces & Condiments","subCategoryName":"Salad Dressing & Toppings","title":"Balsamic Vinaigrette with Avocado Oil","producer":"Primal Kitchen","photoPath":"https://goodeggs4.imgix.net/7d13b32e-4c88-4d56-927e-cd445946e34b.jpg?w=380&h=238&fm=jpg&auto=compress&fit=crop","price":"6.99","pricePer":"$0.87 / oz","purchaseUnit":"8 oz"},{"mainCategory":"Pantry","categoryName":"Sauces & Condiments","subCategoryName":"Salad Dressing & Toppings","title":"Dreamy Italian Dressing with Avocado Oil","producer":"Primal Kitchen","photoPath":"https://goodeggs4.imgix.net/0b967a9b-fdbc-49c4-8753-04687696059d.jpg?w=380&h=238&fm=jpg&auto=compress&fit=crop","price":"6.99","pricePer":"$0.87 / oz","purchaseUnit":"8 oz"},{"mainCategory":"Pantry","categoryName":"Sauces & Condiments","subCategoryName":"Salad Dressing & Toppings","title":"Vegan Ranch Dressing with Avocado Oil","producer":"Primal Kitchen","photoPath":"https://goodeggs4.imgix.net/383aeaf8-57a8-41f8-b170-799d63e09d98.jpg?w=380&h=238&fm=jpg&auto=compress&fit=crop","price":"6.99","pricePer":"$0.87 / oz","purchaseUnit":"8 oz"},{"mainCategory":"Pantry","categoryName":"Sauces & Condiments","subCategoryName":"Salad Dressing & Toppings","title":"Sunny Avocado Dressing","producer":"Farmhouse Lab","photoPath":"https://goodeggs4.imgix.net/94037a7f-f509-4442-a4f7-8435a8b032a8.jpg?w=380&h=238&fm=jpg&auto=compress&fit=crop","price":"16.99","pricePer":"$2.12 / fl oz","purchaseUnit":"8 fl oz"},{"mainCategory":"Pantry","categoryName":"Sauces & Condiments","subCategoryName":"Salad Dressing & Toppings","title":"Cilantro Lime Dressing","producer":"Healthy Food Inc. Kitchen","photoPath":"https://goodeggs4.imgix.net/02df0480-880b-11eb-a49c-035b9bcc7078?w=380&h=238&fm=jpg&auto=compress&fit=crop","price":"4.49","pricePer":"$0.74 / oz","purchaseUnit":"6 oz"},{"mainCategory":"Pantry","categoryName":"Sauces & Condiments","subCategoryName":"Marinades & Simmer Sauces","title":"Sambal Red Hot Chili Simmer Sauce","producer":"ChiliCali","photoPath":"https://goodeggs4.imgix.net/59d07094-7166-4a4a-b176-df3f52d4941b.jpg?w=380&h=238&fm=jpg&auto=compress&fit=crop","price":"9.99","pricePer":"$1.05 / oz","purchaseUnit":"9.5 oz"},{"mainCategory":"Pantry","categoryName":"Sauces & Condiments","subCategoryName":"Marinades & Simmer Sauces","title":"Roasted Peanut Sauce","producer":"Star Anise Foods","photoPath":"https://goodeggs4.imgix.net/3e47b9c9-ad09-4e16-a350-01a8be471afb.jpg?w=380&h=238&fm=jpg&auto=compress&fit=crop","price":"5.49","pricePer":null,"purchaseUnit":"12 fl oz"},{"mainCategory":"Pantry","categoryName":"Sauces & Condiments","subCategoryName":"Marinades & Simmer Sauces","title":"Tamarind Concentrate","producer":"Angkor Cambodian Food","photoPath":"https://goodeggs4.imgix.net/322c52ec-988b-4b8e-8fc8-cde5016aa7bd.jpg?w=380&h=238&fm=jpg&auto=compress&fit=crop","price":"9.99","pricePer":null,"purchaseUnit":"5.29 oz"},{"mainCategory":"Pantry","categoryName":"Sauces & Condiments","subCategoryName":"Marinades & Simmer Sauces","title":"Tikka Simmer Sauce","producer":"Dosa","photoPath":"https://goodeggs4.imgix.net/f6a3657c-84e8-4661-9279-8a7cf43028fc.jpg?w=380&h=238&fm=jpg&auto=compress&fit=crop","price":"9.99","pricePer":"$0.62 / oz","purchaseUnit":"16 oz"},{"mainCategory":"Pantry","categoryName":"Sauces & Condiments","subCategoryName":"Marinades & Simmer Sauces","title":"Kerala Coconut Simmer Sauce","producer":"Dosa","photoPath":"https://goodeggs4.imgix.net/f5d164ae-5fa1-4457-a93a-e482d08a2f7c.jpg?w=380&h=238&fm=jpg&auto=compress&fit=crop","price":"9.99","pricePer":"$0.62 / oz","purchaseUnit":"16 oz"},{"mainCategory":"Pantry","categoryName":"Sauces & Condiments","subCategoryName":"Marinades & Simmer Sauces","title":"Butter Simmer Sauce","producer":"Dosa","photoPath":"https://goodeggs4.imgix.net/3540abab-42f8-47af-b582-aa33e58aa25f.jpg?w=380&h=238&fm=jpg&auto=compress&fit=crop","price":"9.99","pricePer":"$0.62 / oz","purchaseUnit":"16 oz"},{"mainCategory":"Pantry","categoryName":"Sauces & Condiments","subCategoryName":"Marinades & Simmer Sauces","title":"Tikka Masala Simmer Sauce","producer":"Saffron Road","photoPath":"https://goodeggs4.imgix.net/e439c486-6dd9-4823-b05a-4434e327f2ee.jpg?w=380&h=238&fm=jpg&auto=compress&fit=crop","price":"3.39","pricePer":"$0.48 / oz","purchaseUnit":"7 oz"},{"mainCategory":"Pantry","categoryName":"Sauces & Condiments","subCategoryName":"Marinades & Simmer Sauces","title":"Classic Marinade","producer":"The New Primal","photoPath":"https://goodeggs4.imgix.net/f83a7cbb-ce34-41c7-b381-7e3785bf975e.jpg?w=380&h=238&fm=jpg&auto=compress&fit=crop","price":"8.99","pricePer":"$0.74 / oz","purchaseUnit":"12 oz"},{"mainCategory":"Pantry","categoryName":"Sauces & Condiments","subCategoryName":"Marinades & Simmer Sauces","title":"Korean Stir Fry Simmer Sauce","producer":"Saffron Road","photoPath":"https://goodeggs4.imgix.net/e5ee98b0-2e7b-4863-86d3-a5087d44c5c7.jpg?w=380&h=238&fm=jpg&auto=compress&fit=crop","price":"3.39","pricePer":"$0.48 / oz","purchaseUnit":"7 oz"},{"mainCategory":"Pantry","categoryName":"Sauces & Condiments","subCategoryName":"Marinades & Simmer Sauces","title":"Pad Thai Simmer Sauce","producer":"Saffron Road","photoPath":"https://goodeggs4.imgix.net/c17f6a49-88a8-4654-97be-2d809d786380.jpg?w=380&h=238&fm=jpg&auto=compress&fit=crop","price":"3.39","pricePer":"$0.48 / oz","purchaseUnit":"7 oz"},{"mainCategory":"Pantry","categoryName":"Sauces & Condiments","subCategoryName":"Marinades & Simmer Sauces","title":"Lemongrass Basil Simmer Sauce","producer":"Saffron Road","photoPath":"https://goodeggs4.imgix.net/cf31cfd3-f60d-41aa-add8-d21030014f79.jpg?w=380&h=238&fm=jpg&auto=compress&fit=crop","price":"3.39","pricePer":"$0.48 / oz","purchaseUnit":"7 oz"},{"mainCategory":"Pantry","categoryName":"Sauces & Condiments","subCategoryName":"Marinades & Simmer Sauces","title":"Coconut Curry Korma Simmer Sauce","producer":"Saffron Road","photoPath":"https://goodeggs4.imgix.net/9d09cde2-b443-40a1-bdda-d8dfdb4c1750.jpg?w=380&h=238&fm=jpg&auto=compress&fit=crop","price":"3.39","pricePer":"$0.48 / oz","purchaseUnit":"7 oz"},{"mainCategory":"Pantry","categoryName":"Sauces & Condiments","subCategoryName":"Marinades & Simmer Sauces","title":"Citrus Herb Marinade","producer":"The New Primal","photoPath":"https://goodeggs4.imgix.net/5f6a4afc-36ca-4a29-8a55-53b06f43412e.jpg?w=380&h=238&fm=jpg&auto=compress&fit=crop","price":"8.99","pricePer":"$0.74 / oz","purchaseUnit":"12 oz"},{"mainCategory":"Pantry","categoryName":"Sauces & Condiments","subCategoryName":"Marinades & Simmer Sauces","title":"Ancho Chile & Tamarind Sauce","producer":"Salsaology","photoPath":"https://goodeggs4.imgix.net/c891b547-b400-4bb2-830e-d64baac62655.jpg?w=380&h=238&fm=jpg&auto=compress&fit=crop","price":"9.99","pricePer":"$0.83 / oz","purchaseUnit":"12 oz"},{"mainCategory":"Pantry","categoryName":"Sauces & Condiments","subCategoryName":"Marinades & Simmer Sauces","title":"Chile Negro & Hibiscus Sauce","producer":"Salsaology","photoPath":"https://goodeggs4.imgix.net/2a302a40-209e-4d98-a9ca-6387c5f17972.jpg?w=380&h=238&fm=jpg&auto=compress&fit=crop","price":"9.99","pricePer":"$0.83 / oz","purchaseUnit":"12 oz"},{"mainCategory":"Pantry","categoryName":"Sauces & Condiments","subCategoryName":"Marinades & Simmer Sauces","title":"Spicy Marinade","producer":"The New Primal","photoPath":"https://goodeggs4.imgix.net/3a85b8be-aca7-443a-80c2-3c21c457282d.jpg?w=380&h=238&fm=jpg&auto=compress&fit=crop","price":"8.99","pricePer":"$0.74 / oz","purchaseUnit":"12 oz"},{"mainCategory":"Pantry","categoryName":"Sauces & Condiments","subCategoryName":"Marinades & Simmer Sauces","title":"Tamarind Marinade","producer":"Healthy Food Inc. Kitchen","photoPath":"https://goodeggs4.imgix.net/1204b1e7-8a3c-4d45-999e-b9ce7bf42856.jpg?w=380&h=238&fm=jpg&auto=compress&fit=crop","price":"4.99","pricePer":"$1.24 / oz","purchaseUnit":"4 oz"},{"mainCategory":"Pantry","categoryName":"Sauces & Condiments","subCategoryName":"Marinades & Simmer Sauces","title":"Sister-in-Law’s Vegan Curry Simmer Sauce","producer":"Mama Tong","photoPath":"https://goodeggs4.imgix.net/01f2b4b3-b161-41a1-9982-56d499af6129.jpg?w=380&h=238&fm=jpg&auto=compress&fit=crop","price":"13.49","pricePer":"$0.84 / fl oz","purchaseUnit":"16 fl oz"},{"mainCategory":"Pantry","categoryName":"Sauces & Condiments","subCategoryName":"Marinades & Simmer Sauces","title":"Organic Vegan Wild Mushroom Gravy","producer":"Imagine Foods","photoPath":"https://goodeggs4.imgix.net/539ff80e-f336-4f16-adf9-7bed29619378.jpg?w=380&h=238&fm=jpg&auto=compress&fit=crop","price":"2.99","pricePer":"$0.22 / oz","purchaseUnit":"13.5 oz"},{"mainCategory":"Pantry","categoryName":"Sauces & Condiments","subCategoryName":"Marinades & Simmer Sauces","title":"Organic Turkey Flavored Gravy","producer":"Imagine Foods","photoPath":"https://goodeggs4.imgix.net/30d1efd2-47c5-443b-b0d5-905f52f5adc0.jpg?w=380&h=238&fm=jpg&auto=compress&fit=crop","price":"2.99","pricePer":"$0.22 / oz","purchaseUnit":"13.5 oz"},{"mainCategory":"Pantry","categoryName":"Sauces & Condiments","subCategoryName":"Pickles & Chutney","title":"Akka's Mango Chutney","producer":"Akka's Handcrafted Foods","photoPath":"https://goodeggs4.imgix.net/7d6fc092-9d4d-4e29-a1eb-f3394bb74971.jpg?w=380&h=238&fm=jpg&auto=compress&fit=crop","price":"9.49","pricePer":"$1.46 / oz","purchaseUnit":"6.5 oz"},{"mainCategory":"Pantry","categoryName":"Sauces & Condiments","subCategoryName":"Pickles & Chutney","title":"Spicy Jalapeño Jam","producer":"INNA","photoPath":"https://goodeggs4.imgix.net/73f7b984-37e7-44aa-b6f3-651a38f9454d.jpg?w=380&h=238&fm=jpg&auto=compress&fit=crop","price":"14.99","pricePer":"$1.49 / oz","purchaseUnit":"10 oz"},{"mainCategory":"Pantry","categoryName":"Sauces & Condiments","subCategoryName":"Pickles & Chutney","title":"Pickled Meyer Lemon Relish","producer":"Akka's Handcrafted Foods","photoPath":"https://goodeggs4.imgix.net/7acb7c19-604c-4617-9683-34f79f1516a3.jpg?w=380&h=238&fm=jpg&auto=compress&fit=crop","price":"10.99","pricePer":"$1.27 / oz","purchaseUnit":"8.6 oz"},{"mainCategory":"Pantry","categoryName":"Sauces & Condiments","subCategoryName":"Pickles & Chutney","title":"Akka's Eggplant Relish - Indian Pickle","producer":"Akka's Handcrafted Foods","photoPath":"https://goodeggs4.imgix.net/8e8db928-ffab-411c-81fe-a9ad5cc49e80.jpg?w=380&h=238&fm=jpg&auto=compress&fit=crop","price":"8.99","pricePer":"$1.38 / oz","purchaseUnit":"6.5 oz"},{"mainCategory":"Pantry","categoryName":"Herbs & Spices","subCategoryName":"Breadcrumbs","title":"Organic Panko Bread Crumbs","producer":"Edward & Sons","photoPath":"https://goodeggs4.imgix.net/9fa2efc1-d2a0-432e-8b18-7e77174b17ed.jpg?w=380&h=238&fm=jpg&auto=compress&fit=crop","price":"5.99","pricePer":"$0.57 / oz","purchaseUnit":"10.5 oz"},{"mainCategory":"Pantry","categoryName":"Herbs & Spices","subCategoryName":"Breadcrumbs","title":"Panko Breadcrumbs","producer":"Healthy Food Inc. Kitchen","photoPath":"https://goodeggs4.imgix.net/2b363e6c-f6ff-4d8f-b45e-a7ba72d05a61.jpg?w=380&h=238&fm=jpg&auto=compress&fit=crop","price":"2.99","pricePer":"$0.74 / oz","purchaseUnit":"4 oz"},{"mainCategory":"Pantry","categoryName":"Herbs & Spices","subCategoryName":"Breadcrumbs","title":"Organic Italian Herb Bread Crumbs","producer":"Edward & Sons","photoPath":"https://goodeggs4.imgix.net/bac10e7b-7efc-4462-8c3d-ecd9453ae55c.jpg?w=380&h=238&fm=jpg&auto=compress&fit=crop","price":"5.99","pricePer":"$0.57 / oz","purchaseUnit":"10.5 oz"},{"mainCategory":"Pantry","categoryName":"Herbs & Spices","subCategoryName":"Salt & Pepper","title":"Smoky Brine Mix","producer":"Oaktown Spice Shop","photoPath":"https://goodeggs4.imgix.net/84d28ded-950b-494a-84a0-6830a748a8f9.jpg?w=380&h=238&fm=jpg&auto=compress&fit=crop","price":"13.99","pricePer":null,"purchaseUnit":"1 count"},{"mainCategory":"Pantry","categoryName":"Herbs & Spices","subCategoryName":"Salt & Pepper","title":"Classic Brine Mix","producer":"Oaktown Spice Shop","photoPath":"https://goodeggs4.imgix.net/d8868a79-e4da-4f5d-9c7a-f1a01750a133.jpg?w=380&h=238&fm=jpg&auto=compress&fit=crop","price":"13.99","pricePer":null,"purchaseUnit":"1 count"},{"mainCategory":"Pantry","categoryName":"Herbs & Spices","subCategoryName":"Salt & Pepper","title":"Omnivore Salt","producer":"Omnivore","photoPath":"https://goodeggs4.imgix.net/5e457aa7-dda7-43f3-a53f-31f5c31a5a38.jpg?w=380&h=238&fm=jpg&auto=compress&fit=crop","price":"9.99","pricePer":"$1.66 / oz","purchaseUnit":"6 oz"},{"mainCategory":"Pantry","categoryName":"Herbs & Spices","subCategoryName":"Salt & Pepper","title":"Umami Sea Salt","producer":"Oaktown Spice Shop","photoPath":"https://goodeggs4.imgix.net/fd2cae73-94e4-4f7c-918a-1f92c681e43e.jpg?w=380&h=238&fm=jpg&auto=compress&fit=crop","price":"10.99","pricePer":"$8.45 / oz","purchaseUnit":"1.3 oz"},{"mainCategory":"Pantry","categoryName":"Herbs & Spices","subCategoryName":"Salt & Pepper","title":"Omnivore Limone Salt Blend","producer":"Omnivore","photoPath":"https://goodeggs4.imgix.net/6f71c659-7c8c-4e9d-9f1a-910b157d3e6e.jpg?w=380&h=238&fm=jpg&auto=compress&fit=crop","price":"10.99","pricePer":"$1.83 / oz","purchaseUnit":"6 oz"},{"mainCategory":"Pantry","categoryName":"Herbs & Spices","subCategoryName":"Salt & Pepper","title":"Smoked Salt","producer":"Whiskey Oak","photoPath":"https://goodeggs4.imgix.net/3e1d7af2-075c-46ce-b4a1-187a589d4700.jpg?w=380&h=238&fm=jpg&auto=compress&fit=crop","price":"8.99","pricePer":"$2.39 / oz","purchaseUnit":"3.75 oz"},{"mainCategory":"Pantry","categoryName":"Herbs & Spices","subCategoryName":"Salt & Pepper","title":"Organic Garlic Salt","producer":"Spicely Organics","photoPath":"https://goodeggs4.imgix.net/9910b1e7-34f9-4c2f-81f7-6d3370433f64.jpg?w=380&h=238&fm=jpg&auto=compress&fit=crop","price":"8.99","pricePer":"$2.64 / oz","purchaseUnit":"3.4 oz"},{"mainCategory":"Pantry","categoryName":"Herbs & Spices","subCategoryName":"Salt & Pepper","title":"Organic Ground Black Pepper","producer":"Spicely Organics","photoPath":"https://goodeggs4.imgix.net/1c615f91-560c-4837-b1d1-ebc28db1b3f7.jpg?w=380&h=238&fm=jpg&auto=compress&fit=crop","price":"4.99","pricePer":"$2.93 / oz","purchaseUnit":"1.7 oz"},{"mainCategory":"Pantry","categoryName":"Herbs & Spices","subCategoryName":"Salt & Pepper","title":"Organic Ground White Pepper","producer":"Spicely Organics","photoPath":"https://goodeggs4.imgix.net/6c401589-739c-44d0-98ad-0dfa3834f271.jpg?w=380&h=238&fm=jpg&auto=compress&fit=crop","price":"2.99","pricePer":"$6.64 / oz","purchaseUnit":"0.45 oz"},{"mainCategory":"Pantry","categoryName":"Herbs & Spices","subCategoryName":"Salt & Pepper","title":"Kosher Sea Salt","producer":"Edison Grainery","photoPath":"https://goodeggs4.imgix.net/e70a73d3-ba71-49d2-905e-7a857d662771.jpg?w=380&h=238&fm=jpg&auto=compress&fit=crop","price":"3.69","pricePer":"$0.12 / oz","purchaseUnit":"32 oz"},{"mainCategory":"Pantry","categoryName":"Herbs & Spices","subCategoryName":"Salt & Pepper","title":"Himalayan Pink Salt","producer":"Edison Grainery","photoPath":"https://goodeggs4.imgix.net/b651c39f-2402-4e9f-8ade-740934445655.jpg?w=380&h=238&fm=jpg&auto=compress&fit=crop","price":"3.99","pricePer":"$0.33 / oz","purchaseUnit":"12 oz"},{"mainCategory":"Pantry","categoryName":"Herbs & Spices","subCategoryName":"Salt & Pepper","title":"Pure Kosher Sea Salt Canister","producer":"Jacobsen Salt Co.","photoPath":"https://goodeggs4.imgix.net/3c71d6e1-2295-4b61-aa52-758d6e7969f7.jpg?w=380&h=238&fm=jpg&auto=compress&fit=crop","price":"9.99","pricePer":"$0.62 / oz","purchaseUnit":"1 lb"},{"mainCategory":"Pantry","categoryName":"Herbs & Spices","subCategoryName":"Salt & Pepper","title":"Cyprus White Flake Sea Salt","producer":"Oaktown Spice Shop","photoPath":"https://goodeggs4.imgix.net/c2590bed-9d29-4154-9dc6-13edda98cd4b.jpg?w=380&h=238&fm=jpg&auto=compress&fit=crop","price":"8.99","pricePer":"$4.08 / oz","purchaseUnit":"2.2 oz"},{"mainCategory":"Pantry","categoryName":"Herbs & Spices","subCategoryName":"Salt & Pepper","title":"Slide Tin of Pure Flake Finishing Salt","producer":"Jacobsen Salt Co.","photoPath":"https://goodeggs4.imgix.net/b51b901f-84cb-4be7-b251-5870995c111b.jpg?w=380&h=238&fm=jpg&auto=compress&fit=crop","price":"2.49","pricePer":"$4.98 / oz","purchaseUnit":"0.5 oz"},{"mainCategory":"Pantry","categoryName":"Herbs & Spices","subCategoryName":"Salt & Pepper","title":"Hand-Harvested Pure Flake Finishing Salt","producer":"Jacobsen Salt Co.","photoPath":"https://goodeggs4.imgix.net/6c21dbc8-5fbb-46e4-bf33-7efc3f8c0a4e.jpg?w=380&h=238&fm=jpg&auto=compress&fit=crop","price":"10.99","pricePer":"$2.74 / oz","purchaseUnit":"4 oz"},{"mainCategory":"Pantry","categoryName":"Herbs & Spices","subCategoryName":"Salt & Pepper","title":"Organic Whole Black Peppercorns","producer":"Spicely Organics","photoPath":"https://goodeggs4.imgix.net/2e1adaf8-982c-4b17-9a65-670da2335ebf.jpg?w=380&h=238&fm=jpg&auto=compress&fit=crop","price":"4.99","pricePer":"$2.93 / oz","purchaseUnit":"1.7 oz"},{"mainCategory":"Pantry","categoryName":"Herbs & Spices","subCategoryName":"Salt & Pepper","title":"Tellicherry Black Peppercorns","producer":"Oaktown Spice Shop","photoPath":"https://goodeggs4.imgix.net/7b6b1ac6-ecfc-4b98-810c-9ad89a91a6e9.jpg?w=380&h=238&fm=jpg&auto=compress&fit=crop","price":"6.99","pricePer":"$3.17 / oz","purchaseUnit":"2.2 oz"},{"mainCategory":"Pantry","categoryName":"Herbs & Spices","subCategoryName":"Dried Herbs","title":"Organic Basil","producer":"Spicely Organics","photoPath":"https://goodeggs4.imgix.net/2c3dffea-b64a-4804-9418-d2afdcc91c91.jpg?w=380&h=238&fm=jpg&auto=compress&fit=crop","price":"2.99","pricePer":"$29.90 / oz","purchaseUnit":"0.1 oz"},{"mainCategory":"Pantry","categoryName":"Herbs & Spices","subCategoryName":"Dried Herbs","title":"Organic Bay Leaves","producer":"Spicely Organics","photoPath":"https://goodeggs4.imgix.net/1a74027b-60b7-4eb3-9d41-a4f21ba50c77.jpg?w=380&h=238&fm=jpg&auto=compress&fit=crop","price":"2.99","pricePer":"$29.90 / oz","purchaseUnit":"0.1 oz"},{"mainCategory":"Pantry","categoryName":"Herbs & Spices","subCategoryName":"Dried Herbs","title":"Herbs de Provence","producer":"Oaktown Spice Shop","photoPath":"https://goodeggs4.imgix.net/40ed3aac-223f-42a9-8c52-39a7717944d6.jpg?w=380&h=238&fm=jpg&auto=compress&fit=crop","price":"5.99","pricePer":"$11.98 / oz","purchaseUnit":"0.5 oz"},{"mainCategory":"Pantry","categoryName":"Herbs & Spices","subCategoryName":"Dried Herbs","title":"Makrut Lime Leaves","producer":"Oaktown Spice Shop","photoPath":"https://goodeggs4.imgix.net/cbf0c3af-8ac5-44e3-a518-037baa8c3d13.jpg?w=380&h=238&fm=jpg&auto=compress&fit=crop","price":"2.99","pricePer":"$11.96 / oz","purchaseUnit":"0.25 oz"},{"mainCategory":"Pantry","categoryName":"Herbs & Spices","subCategoryName":"Dried Herbs","title":"Organic Whole Rosemary","producer":"Spicely Organics","photoPath":"https://goodeggs4.imgix.net/51d60c41-9fed-4360-a520-1f5e3f5da54f.jpg?w=380&h=238&fm=jpg&auto=compress&fit=crop","price":"2.99","pricePer":"$14.95 / oz","purchaseUnit":"0.2 oz"},{"mainCategory":"Pantry","categoryName":"Herbs & Spices","subCategoryName":"Dried Herbs","title":"Organic Oregano","producer":"Spicely Organics","photoPath":"https://goodeggs4.imgix.net/e79d1ad6-2f53-4ca9-96ce-bda5c8d01d10.jpg?w=380&h=238&fm=jpg&auto=compress&fit=crop","price":"2.99","pricePer":"$19.93 / oz","purchaseUnit":"0.15 oz"},{"mainCategory":"Pantry","categoryName":"Herbs & Spices","subCategoryName":"Dried Herbs","title":"Organic Whole Thyme","producer":"Spicely Organics","photoPath":"https://goodeggs4.imgix.net/2f73bc1b-38b1-4c1e-b51e-563e1249f27a.jpg?w=380&h=238&fm=jpg&auto=compress&fit=crop","price":"2.99","pricePer":"$29.90 / oz","purchaseUnit":"0.1 oz"},{"mainCategory":"Pantry","categoryName":"Herbs & Spices","subCategoryName":"Dried Herbs","title":"Organic Rubbed Sage","producer":"Spicely Organics","photoPath":"https://goodeggs4.imgix.net/7f04f32e-f82e-45d1-a8e7-1754313273de.jpg?w=380&h=238&fm=jpg&auto=compress&fit=crop","price":"2.99","pricePer":"$29.90 / oz","purchaseUnit":"0.1 oz"},{"mainCategory":"Pantry","categoryName":"Herbs & Spices","subCategoryName":"Dried Herbs","title":"Dried Kombu Seaweed","producer":"Strong Arm Farm","photoPath":"https://goodeggs4.imgix.net/77f1dd0b-9203-4690-9630-dba4dc96fdba.jpg?w=380&h=238&fm=jpg&auto=compress&fit=crop","price":"8.99","pricePer":"$8.99 / oz","purchaseUnit":"1 oz"},{"mainCategory":"Pantry","categoryName":"Herbs & Spices","subCategoryName":"Dried Herbs","title":"Dried Nori Seaweed","producer":"Strong Arm Farm","photoPath":"https://goodeggs4.imgix.net/4722ef47-9bba-44ed-a28e-74fd4cf03aef.jpg?w=380&h=238&fm=jpg&auto=compress&fit=crop","price":"8.99","pricePer":"$8.99 / oz","purchaseUnit":"1 oz"},{"mainCategory":"Pantry","categoryName":"Herbs & Spices","subCategoryName":"Dried Herbs","title":"Nori Seaweed Sheets","producer":"GimMe Organic","photoPath":"https://goodeggs4.imgix.net/d4da04b3-0c9e-461b-b7dc-b704264706d6.jpg?w=380&h=238&fm=jpg&auto=compress&fit=crop","price":"3.99","pricePer":"$4.92 / oz","purchaseUnit":"0.81 oz"},{"mainCategory":"Pantry","categoryName":"Herbs & Spices","subCategoryName":"Spices & Seeds","title":"Organic Ground Allspice","producer":"Spicely Organics","photoPath":"https://goodeggs4.imgix.net/1569af75-8061-4e4f-afaf-25627fac5a35.jpg?w=380&h=238&fm=jpg&auto=compress&fit=crop","price":"2.99","pricePer":"$6.64 / oz","purchaseUnit":"0.45 oz"},{"mainCategory":"Pantry","categoryName":"Herbs & Spices","subCategoryName":"Spices & Seeds","title":"Organic Whole Star Anise","producer":"Spicely Organics","photoPath":"https://goodeggs4.imgix.net/f5606558-1a6d-41b2-b2d8-14aa687764f1.jpg?w=380&h=238&fm=jpg&auto=compress&fit=crop","price":"2.99","pricePer":"$29.90 / oz","purchaseUnit":"0.1 oz"},{"mainCategory":"Pantry","categoryName":"Herbs & Spices","subCategoryName":"Spices & Seeds","title":"Bee Pollen","producer":"Kiss The Flower","photoPath":"https://goodeggs4.imgix.net/2da4bc2b-716a-4bfd-aece-9ab3fcb08e55.jpg?w=380&h=238&fm=jpg&auto=compress&fit=crop","price":"29.99","pricePer":"$4.28 / oz","purchaseUnit":"7 oz"},{"mainCategory":"Pantry","categoryName":"Herbs & Spices","subCategoryName":"Spices & Seeds","title":"Organic Ground Cardamom","producer":"Spicely Organics","photoPath":"https://goodeggs4.imgix.net/645ab2aa-75fb-4a80-9467-2de1091c99e1.jpg?w=380&h=238&fm=jpg&auto=compress&fit=crop","price":"2.99","pricePer":"$7.47 / oz","purchaseUnit":"0.4 oz"},{"mainCategory":"Pantry","categoryName":"Herbs & Spices","subCategoryName":"Spices & Seeds","title":"Organic Celery Seed","producer":"Spicely Organics","photoPath":"https://goodeggs4.imgix.net/76729aeb-50f6-42fb-b575-8433ed19a3b0.jpg?w=380&h=238&fm=jpg&auto=compress&fit=crop","price":"2.99","pricePer":"$8.54 / oz","purchaseUnit":"0.35 oz"},{"mainCategory":"Pantry","categoryName":"Herbs & Spices","subCategoryName":"Spices & Seeds","title":"Organic Black Chia Seeds","producer":"Edison Grainery","photoPath":"https://goodeggs4.imgix.net/8814c846-77ac-4411-9a98-7c146d1461d4.jpg?w=380&h=238&fm=jpg&auto=compress&fit=crop","price":"7.99","pricePer":"$7.99 / lb","purchaseUnit":"16 oz"},{"mainCategory":"Pantry","categoryName":"Herbs & Spices","subCategoryName":"Spices & Seeds","title":"Chinese 5 Spice","producer":"Oaktown Spice Shop","photoPath":"https://goodeggs4.imgix.net/8cf01cdc-92ca-4384-95f5-55bb0fbfb85a.jpg?w=380&h=238&fm=jpg&auto=compress&fit=crop","price":"8.69","pricePer":"$4.82 / oz","purchaseUnit":"1.8 oz"},{"mainCategory":"Pantry","categoryName":"Herbs & Spices","subCategoryName":"Spices & Seeds","title":"Saigon Cinnamon","producer":"Oaktown Spice Shop","photoPath":"https://goodeggs4.imgix.net/0d98550d-a446-43b8-9033-e2546589d044.jpg?w=380&h=238&fm=jpg&auto=compress&fit=crop","price":"6.99","pricePer":"$4.66 / oz","purchaseUnit":"1.5 oz"},{"mainCategory":"Pantry","categoryName":"Herbs & Spices","subCategoryName":"Spices & Seeds","title":"Organic Ground Cinnamon","producer":"Spicely Organics","photoPath":"https://goodeggs4.imgix.net/141c2294-64ef-441e-b97b-2b32ebc19afb.jpg?w=380&h=238&fm=jpg&auto=compress&fit=crop","price":"2.99","pricePer":"$6.64 / oz","purchaseUnit":"0.45 oz"},{"mainCategory":"Pantry","categoryName":"Herbs & Spices","subCategoryName":"Spices & Seeds","title":"Cinnamon","producer":"Healthy Food Inc. Kitchen","photoPath":"https://goodeggs4.imgix.net/b2f5488b-c260-415c-890c-bb62544e6318.jpg?w=380&h=238&fm=jpg&auto=compress&fit=crop","price":"2.49","pricePer":null,"purchaseUnit":"0.25 oz"},{"mainCategory":"Pantry","categoryName":"Herbs & Spices","subCategoryName":"Spices & Seeds","title":"Organic Cinnamon Sticks","producer":"Spicely Organics","photoPath":"https://goodeggs4.imgix.net/a2b4e44b-92a9-4dee-b472-471c7f4f103a.jpeg?w=380&h=238&fm=jpg&auto=compress&fit=crop","price":"4.99","pricePer":"$0.92 / oz","purchaseUnit":"5.4 oz"},{"mainCategory":"Pantry","categoryName":"Herbs & Spices","subCategoryName":"Spices & Seeds","title":"Cinnamon Sticks","producer":"Oaktown Spice Shop","photoPath":"https://goodeggs4.imgix.net/7cb01c81-bc88-4dfa-9aed-c5ba21efa333.jpg?w=380&h=238&fm=jpg&auto=compress&fit=crop","price":"4.99","pricePer":"$3.32 / oz","purchaseUnit":"1.5 oz"},{"mainCategory":"Pantry","categoryName":"Herbs & Spices","subCategoryName":"Spices & Seeds","title":"Organic Whole Cloves","producer":"Spicely Organics","photoPath":"https://goodeggs4.imgix.net/5348813e-a5a2-4795-9a4d-49f92b3a65dd.jpg?w=380&h=238&fm=jpg&auto=compress&fit=crop","price":"2.99","pricePer":"$19.93 / oz","purchaseUnit":"0.15 oz"},{"mainCategory":"Pantry","categoryName":"Herbs & Spices","subCategoryName":"Spices & Seeds","title":"Organic Ground Cloves","producer":"Spicely Organics","photoPath":"https://goodeggs4.imgix.net/9770ad1b-d7c5-46e7-84db-e5ca41f7105a.jpg?w=380&h=238&fm=jpg&auto=compress&fit=crop","price":"2.99","pricePer":"$7.47 / oz","purchaseUnit":"0.4 oz"},{"mainCategory":"Pantry","categoryName":"Herbs & Spices","subCategoryName":"Spices & Seeds","title":"Whole Cloves","producer":"Oaktown Spice Shop","photoPath":"https://goodeggs4.imgix.net/05f0d2dd-1178-4c03-be12-b996d0f9d5b3.jpg?w=380&h=238&fm=jpg&auto=compress&fit=crop","price":"6.99","pricePer":"$4.36 / oz","purchaseUnit":"1.6 oz"},{"mainCategory":"Pantry","categoryName":"Herbs & Spices","subCategoryName":"Spices & Seeds","title":"Organic Ground Coriander","producer":"Spicely Organics","photoPath":"https://goodeggs4.imgix.net/8e24116b-f4ba-49fe-87f9-cc0cf2b9fc2e.jpg?w=380&h=238&fm=jpg&auto=compress&fit=crop","price":"2.99","pricePer":"$6.64 / oz","purchaseUnit":"0.45 oz"},{"mainCategory":"Pantry","categoryName":"Herbs & Spices","subCategoryName":"Spices & Seeds","title":"Organic Coriander Seed","producer":"Spicely Organics","photoPath":"https://goodeggs4.imgix.net/91420efc-8f65-40be-a3db-5f0a518e17c8.jpg?w=380&h=238&fm=jpg&auto=compress&fit=crop","price":"2.99","pricePer":"$7.47 / oz","purchaseUnit":"0.4 oz"},{"mainCategory":"Pantry","categoryName":"Herbs & Spices","subCategoryName":"Spices & Seeds","title":"Cream of Tartar","producer":"Spicely Organics","photoPath":"https://goodeggs4.imgix.net/c1a0d1f2-3faa-45ad-acee-c40c20716622.jpg?w=380&h=238&fm=jpg&auto=compress&fit=crop","price":"2.99","pricePer":"$5.98 / oz","purchaseUnit":"0.5 oz"},{"mainCategory":"Pantry","categoryName":"Herbs & Spices","subCategoryName":"Spices & Seeds","title":"Organic Ground Cumin","producer":"Spicely Organics","photoPath":"https://goodeggs4.imgix.net/6e6b9222-9709-4772-9fcb-3176de5ae295.jpg?w=380&h=238&fm=jpg&auto=compress&fit=crop","price":"4.99","pricePer":"$2.93 / oz","purchaseUnit":"1.7 oz"},{"mainCategory":"Pantry","categoryName":"Herbs & Spices","subCategoryName":"Spices & Seeds","title":"Organic Whole Cumin Seed","producer":"Spicely Organics","photoPath":"https://goodeggs4.imgix.net/2b22ae0e-b4b2-43a7-9070-db8029b34163.jpg?w=380&h=238&fm=jpg&auto=compress&fit=crop","price":"2.99","pricePer":"$5.98 / oz","purchaseUnit":"0.5 oz"},{"mainCategory":"Pantry","categoryName":"Herbs & Spices","subCategoryName":"Spices & Seeds","title":"Organic Ground Cumin","producer":"Spicely Organics","photoPath":"https://goodeggs4.imgix.net/8fe32b9e-f935-49f9-bc4b-61dfb6ba02b5.jpg?w=380&h=238&fm=jpg&auto=compress&fit=crop","price":"2.99","pricePer":"$6.64 / oz","purchaseUnit":"0.45 oz"},{"mainCategory":"Pantry","categoryName":"Herbs & Spices","subCategoryName":"Spices & Seeds","title":"Ground Cumin","producer":"Oaktown Spice Shop","photoPath":"https://goodeggs4.imgix.net/b7fe79c0-730d-4ab0-955b-d93233c34b26.jpg?w=380&h=238&fm=jpg&auto=compress&fit=crop","price":"6.99","pricePer":"$3.88 / oz","purchaseUnit":"1.8 oz"},{"mainCategory":"Pantry","categoryName":"Herbs & Spices","subCategoryName":"Spices & Seeds","title":"Madras Curry Powder","producer":"Oaktown Spice Shop","photoPath":"https://goodeggs4.imgix.net/aabcb5ee-9904-4352-9b02-f17a45738d33.jpg?w=380&h=238&fm=jpg&auto=compress&fit=crop","price":"7.99","pricePer":"$3.63 / oz","purchaseUnit":"2.2 oz"},{"mainCategory":"Pantry","categoryName":"Herbs & Spices","subCategoryName":"Spices & Seeds","title":"Madras Curry Powder","producer":"Healthy Food Inc. Kitchen","photoPath":"https://goodeggs4.imgix.net/858a7c63-4a8b-4031-96fc-78b13b22a687.jpg?w=380&h=238&fm=jpg&auto=compress&fit=crop","price":"2.49","pricePer":"$9.96 / oz","purchaseUnit":"0.25 oz"},{"mainCategory":"Pantry","categoryName":"Herbs & Spices","subCategoryName":"Spices & Seeds","title":"Organic Curry Powder","producer":"Spicely Organics","photoPath":"https://goodeggs4.imgix.net/bd3d1ee9-90dd-4206-8553-0ad3032f76b8.jpg?w=380&h=238&fm=jpg&auto=compress&fit=crop","price":"2.99","pricePer":"$6.64 / oz","purchaseUnit":"0.45 oz"},{"mainCategory":"Pantry","categoryName":"Herbs & Spices","subCategoryName":"Spices & Seeds","title":"Organic Dill Weed","producer":"Spicely Organics","photoPath":"https://goodeggs4.imgix.net/c6b4aeec-9ca3-442a-a77b-e5df41e92d09.jpg?w=380&h=238&fm=jpg&auto=compress&fit=crop","price":"2.99","pricePer":"$7.47 / oz","purchaseUnit":"0.4 oz"},{"mainCategory":"Pantry","categoryName":"Herbs & Spices","subCategoryName":"Spices & Seeds","title":"Organic Basil","producer":"Spicely Organics","photoPath":"https://goodeggs4.imgix.net/2c3dffea-b64a-4804-9418-d2afdcc91c91.jpg?w=380&h=238&fm=jpg&auto=compress&fit=crop","price":"2.99","pricePer":"$29.90 / oz","purchaseUnit":"0.1 oz"},{"mainCategory":"Pantry","categoryName":"Herbs & Spices","subCategoryName":"Spices & Seeds","title":"Organic Bay Leaves","producer":"Spicely Organics","photoPath":"https://goodeggs4.imgix.net/1a74027b-60b7-4eb3-9d41-a4f21ba50c77.jpg?w=380&h=238&fm=jpg&auto=compress&fit=crop","price":"2.99","pricePer":"$29.90 / oz","purchaseUnit":"0.1 oz"},{"mainCategory":"Pantry","categoryName":"Herbs & Spices","subCategoryName":"Spices & Seeds","title":"Single Origin Guntur Sannam Chilli","producer":"Diaspora Co. ","photoPath":"https://goodeggs4.imgix.net/0af0fe2a-6063-4785-a611-6db8895f6f05.jpg?w=380&h=238&fm=jpg&auto=compress&fit=crop","price":"11.99","pricePer":"$5.23 / oz","purchaseUnit":"2.29 oz"},{"mainCategory":"Pantry","categoryName":"Herbs & Spices","subCategoryName":"Spices & Seeds","title":"Organic Granulated Garlic","producer":"Spicely Organics","photoPath":"https://goodeggs4.imgix.net/2aecda06-ad3e-4fbc-b529-d67ede4f1015.jpg?w=380&h=238&fm=jpg&auto=compress&fit=crop","price":"8.99","pricePer":"$4.49 / oz","purchaseUnit":"2 oz"},{"mainCategory":"Pantry","categoryName":"Herbs & Spices","subCategoryName":"Spices & Seeds","title":"Organic Oregano","producer":"Spicely Organics","photoPath":"https://goodeggs4.imgix.net/e79d1ad6-2f53-4ca9-96ce-bda5c8d01d10.jpg?w=380&h=238&fm=jpg&auto=compress&fit=crop","price":"2.99","pricePer":"$19.93 / oz","purchaseUnit":"0.15 oz"},{"mainCategory":"Pantry","categoryName":"Herbs & Spices","subCategoryName":"Spices & Seeds","title":"Fennel Seeds","producer":"Oaktown Spice Shop","photoPath":"https://goodeggs4.imgix.net/8bd2bb37-a216-4b43-b872-c62c16ec5b8d.jpg?w=380&h=238&fm=jpg&auto=compress&fit=crop","price":"4.99","pricePer":"$2.62 / oz","purchaseUnit":"1.9 oz"},{"mainCategory":"Pantry","categoryName":"Herbs & Spices","subCategoryName":"Spices & Seeds","title":"Organic Fennel Seeds","producer":"Spicely Organics","photoPath":"https://goodeggs4.imgix.net/2d6b840b-f606-4e99-b5bd-f46f8df33865.jpg?w=380&h=238&fm=jpg&auto=compress&fit=crop","price":"2.99","pricePer":"$9.96 / oz","purchaseUnit":"0.3 oz"},{"mainCategory":"Pantry","categoryName":"Herbs & Spices","subCategoryName":"Spices & Seeds","title":"Organic Ground Fennel","producer":"Spicely Organics","photoPath":"https://goodeggs4.imgix.net/e8ddb73e-16df-4bce-95a9-adfa252fef09.jpg?w=380&h=238&fm=jpg&auto=compress&fit=crop","price":"2.99","pricePer":"$6.64 / oz","purchaseUnit":"0.45 oz"},{"mainCategory":"Pantry","categoryName":"Herbs & Spices","subCategoryName":"Spices & Seeds","title":"Organic Golden Flaxseed Meal","producer":"Bob's Red Mill","photoPath":"https://goodeggs4.imgix.net/09913edf-6f97-4561-8576-5467c5ca9c92.jpg?w=380&h=238&fm=jpg&auto=compress&fit=crop","price":"4.99","pricePer":"$4.99 / lb","purchaseUnit":"16 oz"},{"mainCategory":"Pantry","categoryName":"Herbs & Spices","subCategoryName":"Spices & Seeds","title":"Organic Brown Flaxseeds","producer":"Bob's Red Mill","photoPath":"https://goodeggs4.imgix.net/c4489866-7f17-4ba8-b342-f0370085f8c2.jpg?w=380&h=238&fm=jpg&auto=compress&fit=crop","price":"3.39","pricePer":"$4.17 / lb","purchaseUnit":"13 oz"},{"mainCategory":"Pantry","categoryName":"Herbs & Spices","subCategoryName":"Spices & Seeds","title":"Hulled Hemp Seed Hearts","producer":"Bob's Red Mill","photoPath":"https://goodeggs4.imgix.net/71758a20-3067-44e6-bf54-cbb509682e72.jpg?w=380&h=238&fm=jpg&auto=compress&fit=crop","price":"8.99","pricePer":"$1.12 / oz","purchaseUnit":"8 oz"},{"mainCategory":"Pantry","categoryName":"Herbs & Spices","subCategoryName":"Spices & Seeds","title":"Organic Garam Masala","producer":"Spicely Organics","photoPath":"https://goodeggs4.imgix.net/7b21c114-c0e8-4def-b22b-066f95811997.jpg?w=380&h=238&fm=jpg&auto=compress&fit=crop","price":"2.99","pricePer":"$5.98 / oz","purchaseUnit":"0.5 oz"},{"mainCategory":"Pantry","categoryName":"Herbs & Spices","subCategoryName":"Spices & Seeds","title":"Organic Garlic Salt","producer":"Spicely Organics","photoPath":"https://goodeggs4.imgix.net/9910b1e7-34f9-4c2f-81f7-6d3370433f64.jpg?w=380&h=238&fm=jpg&auto=compress&fit=crop","price":"8.99","pricePer":"$2.64 / oz","purchaseUnit":"3.4 oz"},{"mainCategory":"Pantry","categoryName":"Herbs & Spices","subCategoryName":"Spices & Seeds","title":"Ground Ginger","producer":"Oaktown Spice Shop","photoPath":"https://goodeggs4.imgix.net/52650a66-8189-432e-b73d-702eacdead2b.jpg?w=380&h=238&fm=jpg&auto=compress&fit=crop","price":"6.99","pricePer":"$4.36 / oz","purchaseUnit":"1.6 oz"},{"mainCategory":"Pantry","categoryName":"Herbs & Spices","subCategoryName":"Spices & Seeds","title":"Organic Ground Ginger","producer":"Spicely Organics","photoPath":"https://goodeggs4.imgix.net/cf508b89-8315-46e3-bb33-53c67da96b5e.jpg?w=380&h=238&fm=jpg&auto=compress&fit=crop","price":"2.99","pricePer":"$7.47 / oz","purchaseUnit":"0.4 oz"},{"mainCategory":"Pantry","categoryName":"Herbs & Spices","subCategoryName":"Spices & Seeds","title":"Organic Ground Mustard","producer":"Spicely Organics","photoPath":"https://goodeggs4.imgix.net/cfb4dff3-a0a1-408a-a747-e05f6f3253f4.jpg?w=380&h=238&fm=jpg&auto=compress&fit=crop","price":"2.99","pricePer":"$7.47 / oz","purchaseUnit":"0.4 oz"},{"mainCategory":"Pantry","categoryName":"Herbs & Spices","subCategoryName":"Spices & Seeds","title":"Organic Ground White Pepper","producer":"Spicely Organics","photoPath":"https://goodeggs4.imgix.net/6c401589-739c-44d0-98ad-0dfa3834f271.jpg?w=380&h=238&fm=jpg&auto=compress&fit=crop","price":"2.99","pricePer":"$6.64 / oz","purchaseUnit":"0.45 oz"},{"mainCategory":"Pantry","categoryName":"Herbs & Spices","subCategoryName":"Spices & Seeds","title":"Organic Turmeric","producer":"Spicely Organics","photoPath":"https://goodeggs4.imgix.net/2fe45487-7f0b-42b1-9f7f-cd6b76d237df.jpg?w=380&h=238&fm=jpg&auto=compress&fit=crop","price":"8.99","pricePer":"$5.28 / oz","purchaseUnit":"1.7 oz"},{"mainCategory":"Pantry","categoryName":"Herbs & Spices","subCategoryName":"Spices & Seeds","title":"Alleppey Turmeric","producer":"Oaktown Spice Shop","photoPath":"https://goodeggs4.imgix.net/b1382419-b1e7-4216-89e7-9c7dfb85f0b0.jpg?w=380&h=238&fm=jpg&auto=compress&fit=crop","price":"5.99","pricePer":"$2.49 / oz","purchaseUnit":"2.4 oz"},{"mainCategory":"Pantry","categoryName":"Herbs & Spices","subCategoryName":"Spices & Seeds","title":"Single Origin Pragati Turmeric","producer":"Diaspora Co. ","photoPath":"https://goodeggs4.imgix.net/1315bd2a-23fc-44ef-82de-2d8be3e9d6b1.jpg?w=380&h=238&fm=jpg&auto=compress&fit=crop","price":"11.99","pricePer":"$4.85 / oz","purchaseUnit":"2.47 oz"},{"mainCategory":"Pantry","categoryName":"Herbs & Spices","subCategoryName":"Spices & Seeds","title":"Organic Turmeric Powder","producer":"Navitas Organics","photoPath":"https://goodeggs4.imgix.net/3cedd00f-59d5-4837-a8b2-f11651681ad8.jpg?w=380&h=238&fm=jpg&auto=compress&fit=crop","price":"11.99","pricePer":"$23.98 / lb","purchaseUnit":"8 oz"},{"mainCategory":"Pantry","categoryName":"Herbs & Spices","subCategoryName":"Spices & Seeds","title":"Single Origin Spice Trio Gift Box","producer":"Diaspora Co. ","photoPath":"https://goodeggs4.imgix.net/fb1e5f28-720b-4e81-92e1-0fce2c6f7a8f.jpg?w=380&h=238&fm=jpg&auto=compress&fit=crop","price":"35.99","pricePer":"$5.10 / oz","purchaseUnit":"1 count"},{"mainCategory":"Pantry","categoryName":"Herbs & Spices","subCategoryName":"Spices & Seeds","title":"Organic Ground Turmeric","producer":"Spicely Organics","photoPath":"https://goodeggs4.imgix.net/24e13acb-f47a-45f7-b786-a1a043d0eef8.jpg?w=380&h=238&fm=jpg&auto=compress&fit=crop","price":"2.99","pricePer":"$6.64 / oz","purchaseUnit":"0.45 oz"},{"mainCategory":"Pantry","categoryName":"Herbs & Spices","subCategoryName":"Spices & Seeds","title":"Wakame","producer":"Strong Arm Farm","photoPath":"https://goodeggs4.imgix.net/09d3dd4d-3e10-4d25-bdae-862144af5dcc.jpg?w=380&h=238&fm=jpg&auto=compress&fit=crop","price":"8.99","pricePer":"$8.99 / oz","purchaseUnit":"1 oz"},{"mainCategory":"Pantry","categoryName":"Herbs & Spices","subCategoryName":"Spices & Seeds","title":"Organic Yellow Mustard Seed","producer":"Spicely Organics","photoPath":"https://goodeggs4.imgix.net/11c92278-2bd0-4991-8aa1-1b930488d9a2.jpg?w=380&h=238&fm=jpg&auto=compress&fit=crop","price":"2.99","pricePer":"$6.64 / oz","purchaseUnit":"0.45 oz"},{"mainCategory":"Pantry","categoryName":"Herbs & Spices","subCategoryName":"Spices & Seeds","title":"Whole Nutmeg","producer":"Oaktown Spice Shop","photoPath":"https://goodeggs4.imgix.net/920f97e2-b056-45dc-b714-eee618d49750.jpg?w=380&h=238&fm=jpg&auto=compress&fit=crop","price":"8.99","pricePer":"$4.49 / oz","purchaseUnit":"2 oz"},{"mainCategory":"Pantry","categoryName":"Herbs & Spices","subCategoryName":"Spices & Seeds","title":"Organic Ground Nutmeg","producer":"Spicely Organics","photoPath":"https://goodeggs4.imgix.net/e510dfff-f3ba-4621-be25-9dc084590a37.jpg?w=380&h=238&fm=jpg&auto=compress&fit=crop","price":"2.99","pricePer":"$7.47 / oz","purchaseUnit":"0.4 oz"},{"mainCategory":"Pantry","categoryName":"Herbs & Spices","subCategoryName":"Spices & Seeds","title":"Organic Whole Nutmeg","producer":"Spicely Organics","photoPath":"https://goodeggs4.imgix.net/5b8e1d6f-559f-4e9b-bfca-4c590abfa64b.jpg?w=380&h=238&fm=jpg&auto=compress&fit=crop","price":"2.99","pricePer":"$29.90 / oz","purchaseUnit":"0.1 oz"},{"mainCategory":"Pantry","categoryName":"Herbs & Spices","subCategoryName":"Spices & Seeds","title":"Nutritional Yeast","producer":"Bragg Living Foods","photoPath":"https://goodeggs4.imgix.net/e0f18c41-9fd8-4f02-8246-fb54e15f7e63.jpg?w=380&h=238&fm=jpg&auto=compress&fit=crop","price":"5.99","pricePer":"$1.33 / oz","purchaseUnit":"4.5 oz"},{"mainCategory":"Pantry","categoryName":"Herbs & Spices","subCategoryName":"Spices & Seeds","title":"Fajita Seasoning Mix","producer":"Healthy Food Inc. Kitchen","photoPath":"https://goodeggs4.imgix.net/f4db473d-aafb-4258-86a2-8b2b68792f17.jpg?w=380&h=238&fm=jpg&auto=compress&fit=crop","price":"2.49","pricePer":"$9.96 / oz","purchaseUnit":"0.25 oz"},{"mainCategory":"Pantry","categoryName":"Herbs & Spices","subCategoryName":"Spices & Seeds","title":"Whole Star Anise","producer":"Oaktown Spice Shop","photoPath":"https://goodeggs4.imgix.net/10431093-accd-4761-992f-52972ea23d7d.jpg?w=380&h=238&fm=jpg&auto=compress&fit=crop","price":"4.69","pricePer":"$5.86 / oz","purchaseUnit":"0.8 oz"},{"mainCategory":"Pantry","categoryName":"Herbs & Spices","subCategoryName":"Spices & Seeds","title":"Organic Saffron","producer":"Spicely Organics","photoPath":"https://goodeggs4.imgix.net/236a6e00-26fc-4f1a-8010-e399278b316e.jpg?w=380&h=238&fm=jpg&auto=compress&fit=crop","price":"5.99","pricePer":"$855.71 / oz","purchaseUnit":"0.007 oz"},{"mainCategory":"Pantry","categoryName":"Herbs & Spices","subCategoryName":"Spices & Seeds","title":"Toasted Seeds","producer":"Healthy Food Inc. Kitchen","photoPath":"https://goodeggs4.imgix.net/94885358-2c9b-45d3-958f-46a3ca686f5a.jpg?w=380&h=238&fm=jpg&auto=compress&fit=crop","price":"4.99","pricePer":"$3.32 / oz","purchaseUnit":"1.5 oz"},{"mainCategory":"Pantry","categoryName":"Herbs & Spices","subCategoryName":"Spices & Seeds","title":"Organic White Sesame Seeds","producer":"Spicely Organics","photoPath":"https://goodeggs4.imgix.net/b919aef6-3d78-432a-b2bd-d427baca0a2b.jpg?w=380&h=238&fm=jpg&auto=compress&fit=crop","price":"8.99","pricePer":"$4.49 / oz","purchaseUnit":"2 oz"},{"mainCategory":"Pantry","categoryName":"Herbs & Spices","subCategoryName":"Spices & Seeds","title":"Organic Black Sesame Seeds","producer":"Spicely Organics","photoPath":"https://goodeggs4.imgix.net/03239b73-65d6-49bc-afa9-198c61ae01a5.jpg?w=380&h=238&fm=jpg&auto=compress&fit=crop","price":"8.99","pricePer":"$4.49 / oz","purchaseUnit":"2 oz"},{"mainCategory":"Pantry","categoryName":"Herbs & Spices","subCategoryName":"Spices & Seeds","title":"Organic Sumac","producer":"Spicely Organics","photoPath":"https://goodeggs4.imgix.net/b01b41f0-a392-41b5-ab2b-432373d57860.jpg?w=380&h=238&fm=jpg&auto=compress&fit=crop","price":"2.99","pricePer":"$6.64 / oz","purchaseUnit":"0.45 oz"},{"mainCategory":"Pantry","categoryName":"Herbs & Spices","subCategoryName":"Spices & Seeds","title":"Organic Vanilla Bean","producer":"Spicely Organics","photoPath":"https://goodeggs4.imgix.net/e77ac046-38f3-4930-83f1-3f0414bc0749.jpg?w=380&h=238&fm=jpg&auto=compress&fit=crop","price":"11.99","pricePer":null,"purchaseUnit":"1 count"},{"mainCategory":"Pantry","categoryName":"Herbs & Spices","subCategoryName":"Paprika & Chiles","title":"Organic Cayenne Pepper","producer":"Spicely Organics","photoPath":"https://goodeggs4.imgix.net/eccb3f37-4b2a-46ac-83c1-34abb3b166f5.jpg?w=380&h=238&fm=jpg&auto=compress&fit=crop","price":"2.99","pricePer":"$6.64 / oz","purchaseUnit":"0.45 oz"},{"mainCategory":"Pantry","categoryName":"Herbs & Spices","subCategoryName":"Paprika & Chiles","title":"Crushed Red Pepper Flakes","producer":"Oaktown Spice Shop","photoPath":"https://goodeggs4.imgix.net/1c2577a0-958c-4d31-80bb-c82a0b62644c.jpg?w=380&h=238&fm=jpg&auto=compress&fit=crop","price":"5.69","pricePer":"$4.06 / oz","purchaseUnit":"1.4 oz"},{"mainCategory":"Pantry","categoryName":"Herbs & Spices","subCategoryName":"Paprika & Chiles","title":"Espelette Red Chile Flakes","producer":"Piment D'Ville","photoPath":"https://goodeggs4.imgix.net/132d4f7f-4090-4547-8795-812d1bc734ad.jpg?w=380&h=238&fm=jpg&auto=compress&fit=crop","price":"11.99","pricePer":"$9.99 / oz","purchaseUnit":"1.2 oz"},{"mainCategory":"Pantry","categoryName":"Herbs & Spices","subCategoryName":"Paprika & Chiles","title":"Smoky Piment d'Ville Espelette Chile Powder","producer":"Piment D'Ville","photoPath":"https://goodeggs4.imgix.net/b5252641-ad08-4a6e-915b-d33e940a4d96.jpg?w=380&h=238&fm=jpg&auto=compress&fit=crop","price":"11.99","pricePer":"$9.99 / oz","purchaseUnit":"1.2 oz"},{"mainCategory":"Pantry","categoryName":"Herbs & Spices","subCategoryName":"Paprika & Chiles","title":"Spicy Piment d'Ville Espelette Chile Powder","producer":"Piment D'Ville","photoPath":"https://goodeggs4.imgix.net/c89f9927-99f5-44c7-a90e-af04f94ab1ec.jpg?w=380&h=238&fm=jpg&auto=compress&fit=crop","price":"11.99","pricePer":"$9.99 / oz","purchaseUnit":"1.2 oz"},{"mainCategory":"Pantry","categoryName":"Herbs & Spices","subCategoryName":"Paprika & Chiles","title":"Organic Crushed Chili","producer":"Spicely Organics","photoPath":"https://goodeggs4.imgix.net/783628f6-41a7-4a01-a92f-3e37af5ca9b2.jpg?w=380&h=238&fm=jpg&auto=compress&fit=crop","price":"8.99","pricePer":"$6.91 / oz","purchaseUnit":"1.3 oz"},{"mainCategory":"Pantry","categoryName":"Herbs & Spices","subCategoryName":"Paprika & Chiles","title":"Organic Crushed Chili Pepper","producer":"Spicely Organics","photoPath":"https://goodeggs4.imgix.net/20153c38-1f7a-475c-8c6c-321fb16052f5.jpg?w=380&h=238&fm=jpg&auto=compress&fit=crop","price":"2.99","pricePer":"$9.96 / oz","purchaseUnit":"0.3 oz"},{"mainCategory":"Pantry","categoryName":"Herbs & Spices","subCategoryName":"Paprika & Chiles","title":"Organic Chili Powder","producer":"Spicely Organics","photoPath":"https://goodeggs4.imgix.net/bd4dd38e-5989-44a5-a108-83bd2829f0e7.jpeg?w=380&h=238&fm=jpg&auto=compress&fit=crop","price":"8.99","pricePer":"$5.28 / oz","purchaseUnit":"1.7 oz"},{"mainCategory":"Pantry","categoryName":"Herbs & Spices","subCategoryName":"Paprika & Chiles","title":"Aleppo Chile Pepper","producer":"Oaktown Spice Shop","photoPath":"https://goodeggs4.imgix.net/4a83436d-3968-49cd-bd37-88288892c48f.jpg?w=380&h=238&fm=jpg&auto=compress&fit=crop","price":"7.99","pricePer":"$4.20 / oz","purchaseUnit":"1.9 oz"},{"mainCategory":"Pantry","categoryName":"Herbs & Spices","subCategoryName":"Paprika & Chiles","title":"Ancho Chili","producer":"Oaktown Spice Shop","photoPath":"https://goodeggs4.imgix.net/b0348474-720c-45ce-b17b-ec75dd436228.jpg?w=380&h=238&fm=jpg&auto=compress&fit=crop","price":"6.99","pricePer":"$2.79 / oz","purchaseUnit":"2.5 oz"},{"mainCategory":"Pantry","categoryName":"Herbs & Spices","subCategoryName":"Paprika & Chiles","title":"Urfa Biber","producer":"Oaktown Spice Shop","photoPath":"https://goodeggs4.imgix.net/1839cf7f-41f3-484a-92d6-00d5ccd54b54.jpg?w=380&h=238&fm=jpg&auto=compress&fit=crop","price":"7.99","pricePer":"$3.99 / oz","purchaseUnit":"2 oz"},{"mainCategory":"Pantry","categoryName":"Herbs & Spices","subCategoryName":"Paprika & Chiles","title":"Organic Chili Powder","producer":"Spicely Organics","photoPath":"https://goodeggs4.imgix.net/be343a98-a361-4a81-bf9d-2a1a7d35653e.jpg?w=380&h=238&fm=jpg&auto=compress&fit=crop","price":"2.99","pricePer":"$6.64 / oz","purchaseUnit":"0.45 oz"},{"mainCategory":"Pantry","categoryName":"Herbs & Spices","subCategoryName":"Paprika & Chiles","title":"Kimchi Chile","producer":"Oaktown Spice Shop","photoPath":"https://goodeggs4.imgix.net/f3585601-37b5-4ea7-a19f-147007e1e375.jpg?w=380&h=238&fm=jpg&auto=compress&fit=crop","price":"6.99","pricePer":"$3.67 / oz","purchaseUnit":"1.9 oz"},{"mainCategory":"Pantry","categoryName":"Herbs & Spices","subCategoryName":"Paprika & Chiles","title":"Chile Limon","producer":"Oaktown Spice Shop","photoPath":"https://goodeggs4.imgix.net/349944f1-70a0-4b45-88fd-f2ebfaccdf3a.jpg?w=380&h=238&fm=jpg&auto=compress&fit=crop","price":"8.69","pricePer":"$4.57 / oz","purchaseUnit":"1.9 oz"},{"mainCategory":"Pantry","categoryName":"Herbs & Spices","subCategoryName":"Paprika & Chiles","title":"Single Origin Guntur Sannam Chilli","producer":"Diaspora Co. ","photoPath":"https://goodeggs4.imgix.net/0af0fe2a-6063-4785-a611-6db8895f6f05.jpg?w=380&h=238&fm=jpg&auto=compress&fit=crop","price":"11.99","pricePer":"$5.23 / oz","purchaseUnit":"2.29 oz"},{"mainCategory":"Pantry","categoryName":"Herbs & Spices","subCategoryName":"Paprika & Chiles","title":"Hungarian Sweet Paprika","producer":"Oaktown Spice Shop","photoPath":"https://goodeggs4.imgix.net/f1bf3309-fc4c-4170-a117-6fb5c786aea4.jpg?w=380&h=238&fm=jpg&auto=compress&fit=crop","price":"6.99","pricePer":"$3.49 / oz","purchaseUnit":"2 oz"},{"mainCategory":"Pantry","categoryName":"Herbs & Spices","subCategoryName":"Paprika & Chiles","title":"Organic Paprika","producer":"Spicely Organics","photoPath":"https://goodeggs4.imgix.net/989ab2b2-d836-4cb4-a984-ab64a03203e1.jpg?w=380&h=238&fm=jpg&auto=compress&fit=crop","price":"4.99","pricePer":"$2.93 / oz","purchaseUnit":"1.7 oz"},{"mainCategory":"Pantry","categoryName":"Herbs & Spices","subCategoryName":"Paprika & Chiles","title":"Spanish Smoked Paprika","producer":"Oaktown Spice Shop","photoPath":"https://goodeggs4.imgix.net/ee2e4fc4-18ec-4baf-b5ae-2a4335c4bbe2.jpg?w=380&h=238&fm=jpg&auto=compress&fit=crop","price":"6.99","pricePer":"$3.03 / oz","purchaseUnit":"2.3 oz"},{"mainCategory":"Pantry","categoryName":"Herbs & Spices","subCategoryName":"Paprika & Chiles","title":"Organic Smoked Paprika","producer":"Spicely Organics","photoPath":"https://goodeggs4.imgix.net/102d6b13-f0e8-4316-b403-ad99bae50987.jpg?w=380&h=238&fm=jpg&auto=compress&fit=crop","price":"2.99","pricePer":"$6.64 / oz","purchaseUnit":"0.45 oz"},{"mainCategory":"Pantry","categoryName":"Herbs & Spices","subCategoryName":"Paprika & Chiles","title":"Hungarian Sweet Paprika","producer":"Healthy Food Inc. Kitchen","photoPath":"https://goodeggs4.imgix.net/0191c5a2-5d76-4624-98fc-0070d8eaa2b2.jpg?w=380&h=238&fm=jpg&auto=compress&fit=crop","price":"2.49","pricePer":null,"purchaseUnit":"0.5 oz"},{"mainCategory":"Pantry","categoryName":"Herbs & Spices","subCategoryName":"Paprika & Chiles","title":"Organic Paprika","producer":"Spicely Organics","photoPath":"https://goodeggs4.imgix.net/fb9d757a-7394-4ec1-9c62-04311b110678.jpg?w=380&h=238&fm=jpg&auto=compress&fit=crop","price":"2.99","pricePer":"$6.64 / oz","purchaseUnit":"0.45 oz"},{"mainCategory":"Pantry","categoryName":"Herbs & Spices","subCategoryName":"Blends & Rubs","title":"Smoky Brine Mix","producer":"Oaktown Spice Shop","photoPath":"https://goodeggs4.imgix.net/84d28ded-950b-494a-84a0-6830a748a8f9.jpg?w=380&h=238&fm=jpg&auto=compress&fit=crop","price":"13.99","pricePer":null,"purchaseUnit":"1 count"},{"mainCategory":"Pantry","categoryName":"Herbs & Spices","subCategoryName":"Blends & Rubs","title":"Classic Brine Mix","producer":"Oaktown Spice Shop","photoPath":"https://goodeggs4.imgix.net/d8868a79-e4da-4f5d-9c7a-f1a01750a133.jpg?w=380&h=238&fm=jpg&auto=compress&fit=crop","price":"13.99","pricePer":null,"purchaseUnit":"1 count"},{"mainCategory":"Pantry","categoryName":"Herbs & Spices","subCategoryName":"Blends & Rubs","title":"Ground Ancho Chile","producer":"Healthy Food Inc. Kitchen","photoPath":"https://goodeggs4.imgix.net/ea414cbb-0fe6-4174-9933-d9201a5c7780.jpg?w=380&h=238&fm=jpg&auto=compress&fit=crop","price":"2.49","pricePer":null,"purchaseUnit":"0.25 oz"},{"mainCategory":"Pantry","categoryName":"Herbs & Spices","subCategoryName":"Blends & Rubs","title":"Chile Limon","producer":"Oaktown Spice Shop","photoPath":"https://goodeggs4.imgix.net/349944f1-70a0-4b45-88fd-f2ebfaccdf3a.jpg?w=380&h=238&fm=jpg&auto=compress&fit=crop","price":"8.69","pricePer":"$4.57 / oz","purchaseUnit":"1.9 oz"},{"mainCategory":"Pantry","categoryName":"Herbs & Spices","subCategoryName":"Blends & Rubs","title":"South Indian Style Spice Rub","producer":"Akka's Handcrafted Foods","photoPath":"https://goodeggs4.imgix.net/be8a01d7-6660-4399-986e-486066cc911e.jpg?w=380&h=238&fm=jpg&auto=compress&fit=crop","price":"10.99","pricePer":"$3.43 / oz","purchaseUnit":"3.2 oz"},{"mainCategory":"Pantry","categoryName":"Herbs & Spices","subCategoryName":"Blends & Rubs","title":"Chana Masala Spice Mix","producer":"Healthy Food Inc. Kitchen","photoPath":"https://goodeggs4.imgix.net/2e09cb1d-258d-4e54-8fe2-fef7c3a36aa2.jpg?w=380&h=238&fm=jpg&auto=compress&fit=crop","price":"2.49","pricePer":null,"purchaseUnit":"0.25 oz"},{"mainCategory":"Pantry","categoryName":"Herbs & Spices","subCategoryName":"Blends & Rubs","title":"Mulling Spices","producer":"Oaktown Spice Shop","photoPath":"https://goodeggs4.imgix.net/53a68b6a-504d-42eb-9b08-ef15cc1fb311.jpg?w=380&h=238&fm=jpg&auto=compress&fit=crop","price":"6.99","pricePer":"$4.66 / oz","purchaseUnit":"1.5 oz"},{"mainCategory":"Pantry","categoryName":"Herbs & Spices","subCategoryName":"Blends & Rubs","title":"Mulling Spices","producer":"Little Apple Treats","photoPath":"https://goodeggs4.imgix.net/18ae42ba-7c55-11eb-a74a-432eca49252a?w=380&h=238&fm=jpg&auto=compress&fit=crop","price":"14.99","pricePer":"$7.49 / oz","purchaseUnit":"2 oz"},{"mainCategory":"Pantry","categoryName":"Herbs & Spices","subCategoryName":"Blends & Rubs","title":"\"Better Than Everything Bagel\" Blend","producer":"Oaktown Spice Shop","photoPath":"https://goodeggs4.imgix.net/5c819e4f-769d-42f7-a189-f745054e8f05.jpg?w=380&h=238&fm=jpg&auto=compress&fit=crop","price":"7.99","pricePer":"$3.63 / oz","purchaseUnit":"2.2 oz"},{"mainCategory":"Pantry","categoryName":"Herbs & Spices","subCategoryName":"Blends & Rubs","title":"Organic Za'atar Seasoning","producer":"Spicely Organics","photoPath":"https://goodeggs4.imgix.net/7c3771eb-640f-4923-803e-99a8c7635710.jpg?w=380&h=238&fm=jpg&auto=compress&fit=crop","price":"7.99","pricePer":"$5.70 / oz","purchaseUnit":"1.4 oz"},{"mainCategory":"Pantry","categoryName":"Herbs & Spices","subCategoryName":"Blends & Rubs","title":"Poultry Seasoning","producer":"Oaktown Spice Shop","photoPath":"https://goodeggs4.imgix.net/46549b2e-db6d-480e-9a8d-652a9a7c0e94.jpg?w=380&h=238&fm=jpg&auto=compress&fit=crop","price":"8.99","pricePer":"$8.17 / oz","purchaseUnit":"1.1 oz"},{"mainCategory":"Pantry","categoryName":"Herbs & Spices","subCategoryName":"Blends & Rubs","title":"Shichimi Togarashi","producer":"Oaktown Spice Shop","photoPath":"https://goodeggs4.imgix.net/0dd165a8-56e1-4002-acfb-89e69de3bb75.jpg?w=380&h=238&fm=jpg&auto=compress&fit=crop","price":"7.99","pricePer":"$3.63 / oz","purchaseUnit":"2.2 oz"},{"mainCategory":"Pantry","categoryName":"Herbs & Spices","subCategoryName":"Blends & Rubs","title":"Italian Seasoning","producer":"Healthy Food Inc. Kitchen","photoPath":"https://goodeggs4.imgix.net/1dbec0fb-b892-40a1-ae83-00d5379d91bb.jpg?w=380&h=238&fm=jpg&auto=compress&fit=crop","price":"2.49","pricePer":null,"purchaseUnit":"0.25 oz"},{"mainCategory":"Pantry","categoryName":"Herbs & Spices","subCategoryName":"Blends & Rubs","title":"Gomasio Seasoning Blend","producer":"Landsea Gomasio","photoPath":"https://goodeggs4.imgix.net/859bc4eb-0488-416d-b469-7a4293be5fe0.jpg?w=380&h=238&fm=jpg&auto=compress&fit=crop","price":"10.99","pricePer":"$5.49 / oz","purchaseUnit":"2 oz"},{"mainCategory":"Pantry","categoryName":"Herbs & Spices","subCategoryName":"Blends & Rubs","title":"Montreal Steak and Chop Spice Blend","producer":"Oaktown Spice Shop","photoPath":"https://goodeggs4.imgix.net/08c2a0a7-7415-4851-b4d2-189f30763b8d.jpg?w=380&h=238&fm=jpg&auto=compress&fit=crop","price":"6.69","pricePer":"$3.34 / oz","purchaseUnit":"2 oz"},{"mainCategory":"Pantry","categoryName":"Herbs & Spices","subCategoryName":"Blends & Rubs","title":"Cajun Spice","producer":"Healthy Food Inc. Kitchen","photoPath":"https://goodeggs4.imgix.net/6614b151-f31d-4435-b378-06d9fabc8ecd.jpg?w=380&h=238&fm=jpg&auto=compress&fit=crop","price":"2.49","pricePer":null,"purchaseUnit":"0.25 oz"},{"mainCategory":"Pantry","categoryName":"Herbs & Spices","subCategoryName":"Blends & Rubs","title":"Chai Masala","producer":"Oaktown Spice Shop","photoPath":"https://goodeggs4.imgix.net/65d09675-55a3-4c69-885f-74823f02d3e3.jpg?w=380&h=238&fm=jpg&auto=compress&fit=crop","price":"5.99","pricePer":"$3.74 / oz","purchaseUnit":"1.6 oz"},{"mainCategory":"Pantry","categoryName":"Herbs & Spices","subCategoryName":"Blends & Rubs","title":"Organic Za'atar Seasoning","producer":"Spicely Organics","photoPath":"https://goodeggs4.imgix.net/78e9ef6d-c54c-496c-b800-18fe7a95795d.jpg?w=380&h=238&fm=jpg&auto=compress&fit=crop","price":"2.99","pricePer":"$8.54 / oz","purchaseUnit":"0.35 oz"},{"mainCategory":"Pantry","categoryName":"Herbs & Spices","subCategoryName":"Blends & Rubs","title":"Harissa Spice","producer":"Healthy Food Inc. Kitchen","photoPath":"https://goodeggs4.imgix.net/28550e4f-3886-42bd-969c-3575dca7457b.jpg?w=380&h=238&fm=jpg&auto=compress&fit=crop","price":"2.49","pricePer":null,"purchaseUnit":"0.25 oz"},{"mainCategory":"Pantry","categoryName":"Herbs & Spices","subCategoryName":"Blends & Rubs","title":"Mole Poblano Spice Blend","producer":"Oaktown Spice Shop","photoPath":"https://goodeggs4.imgix.net/fb5dffee-1a0b-43ab-8aa1-3dff05df13c0.jpg?w=380&h=238&fm=jpg&auto=compress&fit=crop","price":"8.99","pricePer":"$3.74 / oz","purchaseUnit":"2.4 oz"},{"mainCategory":"Pantry","categoryName":"Herbs & Spices","subCategoryName":"Blends & Rubs","title":"Smoked Pork & Poultry Seasoning","producer":"Whiskey Oak","photoPath":"https://goodeggs4.imgix.net/af4c65d2-b830-4696-aea5-5259b2020043.jpg?w=380&h=238&fm=jpg&auto=compress&fit=crop","price":"8.99","pricePer":"$3.59 / oz","purchaseUnit":"2.5 oz"},{"mainCategory":"Pantry","categoryName":"Herbs & Spices","subCategoryName":"Blends & Rubs","title":"Shichimi Togarashi","producer":"Healthy Food Inc. Kitchen","photoPath":"https://goodeggs4.imgix.net/78e71957-b561-4fa4-af8c-d69618495d78.jpg?w=380&h=238&fm=jpg&auto=compress&fit=crop","price":"2.49","pricePer":null,"purchaseUnit":"0.25 oz"},{"mainCategory":"Pantry","categoryName":"Herbs & Spices","subCategoryName":"Blends & Rubs","title":"Baharat Spice Blend","producer":"Healthy Food Inc. Kitchen","photoPath":"https://goodeggs4.imgix.net/16a98f00-9721-47a8-add6-f9862f53a5d0.jpg?w=380&h=238&fm=jpg&auto=compress&fit=crop","price":"2.49","pricePer":null,"purchaseUnit":"0.25 oz"},{"mainCategory":"Pantry","categoryName":"Herbs & Spices","subCategoryName":"Blends & Rubs","title":"Dal Spice Blend","producer":"Healthy Food Inc. Kitchen","photoPath":"https://goodeggs4.imgix.net/a1c192c8-6e88-4591-9a7d-11a46bf6d3a3.jpg?w=380&h=238&fm=jpg&auto=compress&fit=crop","price":"2.49","pricePer":null,"purchaseUnit":"0.25 oz"},{"mainCategory":"Pantry","categoryName":"Herbs & Spices","subCategoryName":"Blends & Rubs","title":"Steak Seasoning","producer":"Whiskey Oak","photoPath":"https://goodeggs4.imgix.net/3c0f23ef-0450-4939-8ee6-10765f9470bd.jpg?w=380&h=238&fm=jpg&auto=compress&fit=crop","price":"8.99","pricePer":"$4.49 / oz","purchaseUnit":"2 oz"},{"mainCategory":"Pantry","categoryName":"Herbs & Spices","subCategoryName":"Blends & Rubs","title":"Organic Poultry Spice Blend","producer":"Spicely Organics","photoPath":"https://goodeggs4.imgix.net/555eda87-501b-46b1-b802-3fe46bf27540.jpg?w=380&h=238&fm=jpg&auto=compress&fit=crop","price":"2.99","pricePer":"$8.54 / oz","purchaseUnit":"0.35 oz"},{"mainCategory":"Pantry","categoryName":"Herbs & Spices","subCategoryName":"Blends & Rubs","title":"Spanish Smoked Paprika","producer":"Healthy Food Inc. Kitchen","photoPath":"https://goodeggs4.imgix.net/d5fabf0c-cd89-4b20-bfe0-432cba0fde47.jpg?w=380&h=238&fm=jpg&auto=compress&fit=crop","price":"2.49","pricePer":null,"purchaseUnit":"0.25 oz"},{"mainCategory":"Pantry","categoryName":"Herbs & Spices","subCategoryName":"Blends & Rubs","title":"Pumpkin Spice Blend","producer":"Healthy Food Inc. Kitchen","photoPath":"https://goodeggs4.imgix.net/d5e496ac-d999-49e7-906b-c5024dedc68b.jpg?w=380&h=238&fm=jpg&auto=compress&fit=crop","price":"2.49","pricePer":null,"purchaseUnit":"0.25 oz"},{"mainCategory":"Pantry","categoryName":"Herbs & Spices","subCategoryName":"Blends & Rubs","title":"Pumpkin Pie Spice","producer":"Oaktown Spice Shop","photoPath":"https://goodeggs4.imgix.net/9ac3f70c-9eb1-4e5d-a49c-d29516ef60d8.jpg?w=380&h=238&fm=jpg&auto=compress&fit=crop","price":"8.69","pricePer":"$5.11 / oz","purchaseUnit":"1.7 oz"},{"mainCategory":"Pantry","categoryName":"Herbs & Spices","subCategoryName":"Blends & Rubs","title":"Organic Pumpkin Pie Spice","producer":"Spicely Organics","photoPath":"https://goodeggs4.imgix.net/81714d0c-95d7-4b08-b1c7-e90e13dac6b1.jpg?w=380&h=238&fm=jpg&auto=compress&fit=crop","price":"2.99","pricePer":"$8.54 / oz","purchaseUnit":"0.35 oz"},{"mainCategory":"Pantry","categoryName":"Baby Food","subCategoryName":"Toddler","title":"Original Puffins","producer":"Barbara's","photoPath":"https://goodeggs4.imgix.net/40bf5c43-c7b6-42e3-99f7-0b282b6f2707.jpg?w=380&h=238&fm=jpg&auto=compress&fit=crop","price":"4.79","pricePer":"$0.48 / oz","purchaseUnit":"10 oz"},{"mainCategory":"Pantry","categoryName":"Baby Food","subCategoryName":"Toddler","title":"Organic Blueberry Coconut Super Smoothie","producer":"Once Upon a Farm","photoPath":"https://goodeggs4.imgix.net/0de319c5-f765-4aa0-a1d7-7cd72c2c47df.jpg?w=380&h=238&fm=jpg&auto=compress&fit=crop","price":"2.99","pricePer":"$0.74 / oz","purchaseUnit":"4 oz"},{"mainCategory":"Pantry","categoryName":"Baby Food","subCategoryName":"Toddler","title":"Organic Strawberry Banana Coconut Super Smoothie","producer":"Once Upon a Farm","photoPath":"https://goodeggs4.imgix.net/589a371c-6bac-4027-a770-9be6e7a40fe9.jpg?w=380&h=238&fm=jpg&auto=compress&fit=crop","price":"2.99","pricePer":"$0.74 / oz","purchaseUnit":"4 oz"},{"mainCategory":"Pantry","categoryName":"Baby Food","subCategoryName":"Toddler","title":"Organic Blackberry, Carrot, Oat & Yogurt Blend","producer":"Plum Organics","photoPath":"https://goodeggs4.imgix.net/a0605a4b-727e-4ce9-99aa-53d88957c1de.jpg?w=380&h=238&fm=jpg&auto=compress&fit=crop","price":"1.99","pricePer":"$0.49 / oz","purchaseUnit":"4 oz"},{"mainCategory":"Pantry","categoryName":"Baby Food","subCategoryName":"Toddler","title":"Organic Strawberry, Kale, Amaranth & Yogurt Blend","producer":"Plum Organics","photoPath":"https://goodeggs4.imgix.net/1e0924a1-659a-496e-97a1-a735e23a5128.jpg?w=380&h=238&fm=jpg&auto=compress&fit=crop","price":"1.99","pricePer":"$0.49 / oz","purchaseUnit":"4 oz"},{"mainCategory":"Pantry","categoryName":"Baby Food","subCategoryName":"Toddler","title":"Organic Blueberry, Sweet Potato, Millet & Yogurt Blend","producer":"Plum Organics","photoPath":"https://goodeggs4.imgix.net/3a4bcc6e-6a25-4cca-8781-13129f095d7a.jpg?w=380&h=238&fm=jpg&auto=compress&fit=crop","price":"1.99","pricePer":"$0.49 / oz","purchaseUnit":"4 oz"},{"mainCategory":"Pantry","categoryName":"Baby Food","subCategoryName":"Toddler","title":"Organic Strawberry & Beet Super Puffs","producer":"Plum Organics","photoPath":"https://goodeggs4.imgix.net/6abdad18-4395-4d26-a46b-b32a3255f7f8.jpg?w=380&h=238&fm=jpg&auto=compress&fit=crop","price":"2.99","pricePer":"$1.99 / oz","purchaseUnit":"1.5 oz"},{"mainCategory":"Pantry","categoryName":"Baby Food","subCategoryName":"Toddler","title":"Organic Blueberry Mighty Snack Bars","producer":"Plum Organics","photoPath":"https://goodeggs4.imgix.net/0d6cae36-4826-4cb4-a0f2-3d3fe8f50e7f.jpg?w=380&h=238&fm=jpg&auto=compress&fit=crop","price":"4.69","pricePer":"$1.16 / oz","purchaseUnit":"6 count"},{"mainCategory":"Pantry","categoryName":"Baby Food","subCategoryName":"Toddler","title":"Organic Strawberry Mighty Snack Bars","producer":"Plum Organics","photoPath":"https://goodeggs4.imgix.net/8f1dfb78-5298-4381-ac90-7a6523d61457.jpg?w=380&h=238&fm=jpg&auto=compress&fit=crop","price":"4.69","pricePer":"$1.16 / oz","purchaseUnit":"6 count"},{"mainCategory":"Pantry","categoryName":"Baby Food","subCategoryName":"Stage 3 (8+ months)","title":"Organic Coconut Mango Baby Food (9+ mos)","producer":"Once Upon a Farm","photoPath":"https://goodeggs4.imgix.net/1e20f1e0-bcb0-41e7-a2d2-3ede6e99d031.jpg?w=380&h=238&fm=jpg&auto=compress&fit=crop","price":"2.99","pricePer":"$0.93 / oz","purchaseUnit":"3.2 oz"},{"mainCategory":"Pantry","categoryName":"Baby Food","subCategoryName":"Stage 3 (8+ months)","title":"Organic Coconut Strawberry Baby Food (9+ mos)","producer":"Once Upon a Farm","photoPath":"https://goodeggs4.imgix.net/15c7f259-d4a4-4d68-9580-681d2df638da.jpg?w=380&h=238&fm=jpg&auto=compress&fit=crop","price":"2.99","pricePer":"$0.93 / oz","purchaseUnit":"3.2 oz"},{"mainCategory":"Pantry","categoryName":"Baby Food","subCategoryName":"Stage 1 (3+ months)","title":"Organic Prune Baby Food (4+ mos)","producer":"Plum Organics","photoPath":"https://goodeggs4.imgix.net/f52764d5-dc39-426b-81da-bd795a4ad676.jpg?w=380&h=238&fm=jpg&auto=compress&fit=crop","price":"1.79","pricePer":"$0.51 / oz","purchaseUnit":"3.5 oz"},{"mainCategory":"Pantry","categoryName":"Baby Food","subCategoryName":"Stage 1 (3+ months)","title":"Organic Mango Baby Food (4+ mos)","producer":"Plum Organics","photoPath":"https://goodeggs4.imgix.net/cdb354ee-9d9b-4cf5-af6d-bf871abd5284.jpg?w=380&h=238&fm=jpg&auto=compress&fit=crop","price":"1.79","pricePer":"$0.51 / oz","purchaseUnit":"3.5 oz"},{"mainCategory":"Pantry","categoryName":"Baby Food","subCategoryName":"Stage 1 (3+ months)","title":"Organic Sweet Potato Baby Food (4+ mos)","producer":"Plum Organics","photoPath":"https://goodeggs4.imgix.net/2fa9fe24-1f8c-4d47-b93f-b722cc9d3773.jpg?w=380&h=238&fm=jpg&auto=compress&fit=crop","price":"1.79","pricePer":"$0.59 / oz","purchaseUnit":"3 oz"},{"mainCategory":"Pantry","categoryName":"Baby Food","subCategoryName":"Stage 2 (6+ months)","title":"Organic Green Kale & Apples Baby Food (7+ mos)","producer":"Once Upon a Farm","photoPath":"https://goodeggs4.imgix.net/ee386e23-30c1-4927-afce-47fbef25ee48.jpg?w=380&h=238&fm=jpg&auto=compress&fit=crop","price":"2.99","pricePer":"$0.93 / oz","purchaseUnit":"3.2 oz"},{"mainCategory":"Pantry","categoryName":"Baby Food","subCategoryName":"Stage 2 (6+ months)","title":"Organic Veggie Baby Food (7+ mos)","producer":"Once Upon a Farm","photoPath":"https://goodeggs4.imgix.net/b875e92c-6d7f-434c-8170-368c9c91fc07.jpg?w=380&h=238&fm=jpg&auto=compress&fit=crop","price":"2.99","pricePer":"$0.93 / oz","purchaseUnit":"3.2 oz"},{"mainCategory":"Pantry","categoryName":"Baby Food","subCategoryName":"Stage 2 (6+ months)","title":"Organic Avocado Baby Food (7+ mos)","producer":"Once Upon a Farm","photoPath":"https://goodeggs4.imgix.net/5825a374-9174-4d9a-b38e-6c0bd0f29f71.jpg?w=380&h=238&fm=jpg&auto=compress&fit=crop","price":"2.99","pricePer":"$0.93 / oz","purchaseUnit":"3.2 oz"},{"mainCategory":"Pantry","categoryName":"Baby Food","subCategoryName":"Stage 2 (6+ months)","title":"Biodynamic Carrot, Sweet Potato & Pea Baby Food","producer":"White Leaf Provisions","photoPath":"https://goodeggs4.imgix.net/f9c8746f-ac0d-4420-8dab-571dd478e49b.png?w=380&h=238&fm=jpg&auto=compress&fit=crop","price":"2.49","pricePer":"$0.78 / oz","purchaseUnit":"3.17 oz"},{"mainCategory":"Pantry","categoryName":"Baby Food","subCategoryName":"Stage 2 (6+ months)","title":"Organic Spinach, Peas & Pear Baby Food (6+ mos)","producer":"Plum Organics","photoPath":"https://goodeggs4.imgix.net/c136ef22-12f5-41ad-b271-7f4c1f76e694.jpg?w=380&h=238&fm=jpg&auto=compress&fit=crop","price":"1.79","pricePer":"$0.51 / oz","purchaseUnit":"3.5 oz"},{"mainCategory":"Pantry","categoryName":"Baby Food","subCategoryName":"Stage 2 (6+ months)","title":"Organic Broccoli & Apple Baby Food (6+ mos)","producer":"Plum Organics","photoPath":"https://goodeggs4.imgix.net/2ed8ca94-d108-4235-9f9d-7071d41bb770.jpg?w=380&h=238&fm=jpg&auto=compress&fit=crop","price":"1.79","pricePer":"$0.51 / oz","purchaseUnit":"3.5 oz"},{"mainCategory":"Pantry","categoryName":"Baby Food","subCategoryName":"Stage 2 (6+ months)","title":"Biodynamic Mango, Carrot, Banana & Pear Baby Food","producer":"White Leaf Provisions","photoPath":"https://goodeggs4.imgix.net/93e9c5a9-e3ad-4c06-acd2-7f104f98cded.png?w=380&h=238&fm=jpg&auto=compress&fit=crop","price":"2.49","pricePer":"$0.78 / oz","purchaseUnit":"3.17 oz"},{"mainCategory":"Pantry","categoryName":"Baby Food","subCategoryName":"Stage 2 (6+ months)","title":"Biodynamic Apple, Sweet Potato & Beet Baby Food","producer":"White Leaf Provisions","photoPath":"https://goodeggs4.imgix.net/5514754b-77c3-46a9-b5da-721105a720b8.jpg?w=380&h=238&fm=jpg&auto=compress&fit=crop","price":"2.49","pricePer":"$0.78 / oz","purchaseUnit":"3.17 oz"},{"mainCategory":"Pantry","categoryName":"Baby Food","subCategoryName":"Stage 2 (6+ months)","title":"Chicken, Peas & Carrots Baby Food","producer":"Serenity Kids","photoPath":"https://goodeggs4.imgix.net/a9916109-5284-43e2-bca9-11d32ba8308e.jpg?w=380&h=238&fm=jpg&auto=compress&fit=crop","price":"3.49","pricePer":"$0.99 / oz","purchaseUnit":"3.5 oz"},{"mainCategory":"Pantry","categoryName":"Baby Food","subCategoryName":"Stage 2 (6+ months)","title":"Beef, Kale & Sweet Potato Baby Food","producer":"Serenity Kids","photoPath":"https://goodeggs4.imgix.net/c37ca1ed-306d-47c3-be23-84029252273e.jpg?w=380&h=238&fm=jpg&auto=compress&fit=crop","price":"3.49","pricePer":"$0.99 / oz","purchaseUnit":"3.5 oz"},{"mainCategory":"Pantry","categoryName":"Baby Food","subCategoryName":"Stage 2 (6+ months)","title":"Biodynamic Pear, Banana & Kiwi Baby Food","producer":"White Leaf Provisions","photoPath":"https://goodeggs4.imgix.net/8e06b00e-95a5-4f44-b42c-1815f95c6600.jpg?w=380&h=238&fm=jpg&auto=compress&fit=crop","price":"2.49","pricePer":"$0.78 / oz","purchaseUnit":"3.17 oz"},{"mainCategory":"Pantry","categoryName":"Baby Food","subCategoryName":"Stage 2 (6+ months)","title":"Organic Apple, Raspberry, Spinach & Greek Yogurt (6+ mos)","producer":"Plum Organics","photoPath":"https://goodeggs4.imgix.net/46f2576a-ea82-4f4b-9f4e-69fffdeb8eeb.jpg?w=380&h=238&fm=jpg&auto=compress&fit=crop","price":"1.99","pricePer":"$0.56 / oz","purchaseUnit":"3.5 oz"},{"mainCategory":"Pantry","categoryName":"Baby Food","subCategoryName":"Stage 2 (6+ months)","title":"Organic Peach, Banana & Apricot Baby Food (6+ mos)","producer":"Plum Organics","photoPath":"https://goodeggs4.imgix.net/04eb3b19-c543-470f-b20f-4702611fbfea.jpg?w=380&h=238&fm=jpg&auto=compress&fit=crop","price":"1.99","pricePer":"$0.56 / oz","purchaseUnit":"3.5 oz"},{"mainCategory":"Pantry","categoryName":"Baby Food","subCategoryName":"Stage 2 (6+ months)","title":"Organic Mango Baby Food (5+ mos)","producer":"Once Upon a Farm","photoPath":"https://goodeggs4.imgix.net/31260672-1f19-4254-a5e0-299da4de6489.jpg?w=380&h=238&fm=jpg&auto=compress&fit=crop","price":"2.99","pricePer":"$0.93 / oz","purchaseUnit":"3.2 oz"},{"mainCategory":"Pantry","categoryName":"Baby Food","subCategoryName":"Stage 2 (6+ months)","title":"Organic Blueberry Coconut Oil Baby Food (7+ mos)","producer":"Once Upon a Farm","photoPath":"https://goodeggs4.imgix.net/0dc22024-3f52-43c3-a9dd-12fd3322eb79.jpg?w=380&h=238&fm=jpg&auto=compress&fit=crop","price":"2.99","pricePer":"$0.93 / oz","purchaseUnit":"3.2 oz"},{"mainCategory":"Pantry","categoryName":"Baby Food","subCategoryName":"Stage 2 (6+ months)","title":"Organic Blueberry, Pear & Purple Carrot Baby Food (6+ mos)","producer":"Plum Organics","photoPath":"https://goodeggs4.imgix.net/041ee447-34bc-4192-96d7-c554d09540a7.jpg?w=380&h=238&fm=jpg&auto=compress&fit=crop","price":"1.79","pricePer":"$0.51 / oz","purchaseUnit":"3.5 oz"},{"mainCategory":"Pantry","categoryName":"Baby Food","subCategoryName":"Stage 2 (6+ months)","title":"Organic Squash, Carrot & Chickpea Baby Food (6+ mos)","producer":"Plum Organics","photoPath":"https://goodeggs4.imgix.net/9bd3bfd5-a441-4a58-8bed-9332e8321fa1.jpg?w=380&h=238&fm=jpg&auto=compress&fit=crop","price":"1.79","pricePer":"$0.51 / oz","purchaseUnit":"3.5 oz"},{"mainCategory":"Pantry","categoryName":"Baby Food","subCategoryName":"Stage 2 (6+ months)","title":"Organic Corn, Kale, Carrot & Tomato Baby Food (6+ mos)","producer":"Plum Organics","photoPath":"https://goodeggs4.imgix.net/37f25aef-b00d-4f0a-9c3a-ed0e3e905915.jpg?w=380&h=238&fm=jpg&auto=compress&fit=crop","price":"1.79","pricePer":"$0.51 / oz","purchaseUnit":"3.5 oz"},{"mainCategory":"Pantry","categoryName":"Baby Food","subCategoryName":"Stage 2 (6+ months)","title":"Organic Pumpkin & Banana Baby Food (6+ mos)","producer":"Plum Organics","photoPath":"https://goodeggs4.imgix.net/402048dc-1763-4d3f-b5b6-baa6cb8245b8.jpg?w=380&h=238&fm=jpg&auto=compress&fit=crop","price":"1.79","pricePer":"$0.51 / oz","purchaseUnit":"3.5 oz"},{"mainCategory":"Pantry","categoryName":"Baby Food","subCategoryName":"Stage 2 (6+ months)","title":"Organic Oats n' Berries Baby Food","producer":"Amara Organic Baby Foods","photoPath":"https://goodeggs4.imgix.net/c6a74f5d-8e8d-4e4e-8bca-86dd2a47ac76.jpg?w=380&h=238&fm=jpg&auto=compress&fit=crop","price":"1.99","pricePer":"$3.75 / oz","purchaseUnit":"0.53 oz"},{"mainCategory":"Pantry","categoryName":"Baby Food","subCategoryName":"Stage 2 (6+ months)","title":"Organic Mango, Sweet Potato & Millet Baby Food (6+ mos)","producer":"Plum Organics","photoPath":"https://goodeggs4.imgix.net/0c314ee1-ca4a-4d2e-8766-c8bbe82d00bc.jpg?w=380&h=238&fm=jpg&auto=compress&fit=crop","price":"1.99","pricePer":"$0.56 / oz","purchaseUnit":"3.5 oz"},{"mainCategory":"Pantry","categoryName":"Baby Food","subCategoryName":"Stage 2 (6+ months)","title":"Organic Tropical Mango Baby Food","producer":"Amara Organic Baby Foods","photoPath":"https://goodeggs4.imgix.net/5330fb2f-685f-4ce8-9b96-d33aa173c1ae.jpg?w=380&h=238&fm=jpg&auto=compress&fit=crop","price":"1.99","pricePer":"$3.75 / oz","purchaseUnit":"0.53 oz"},{"mainCategory":"Pantry","categoryName":"Baby Food","subCategoryName":"Stage 2 (6+ months)","title":"Organic Pumpkin & Pear Baby Food","producer":"Amara Organic Baby Foods","photoPath":"https://goodeggs4.imgix.net/6f597205-35fe-476f-b80a-2b6e2952d01b.jpg?w=380&h=238&fm=jpg&auto=compress&fit=crop","price":"1.99","pricePer":"$3.75 / oz","purchaseUnit":"0.53 oz"},{"mainCategory":"Prepared","categoryName":"Memorial Day Favorites","subCategoryName":"","title":"Classic Roasted Chicken","producer":"Healthy Food Inc. Kitchen","photoPath":"https://goodeggs4.imgix.net/5428e638-f13a-442d-8a39-565c42e5fcd9.jpg?w=380&h=238&fm=jpg&auto=compress&fit=crop","price":"9.99","pricePer":"$4.34 / lb","purchaseUnit":"2.3 lb"},{"mainCategory":"Prepared","categoryName":"Memorial Day Favorites","subCategoryName":"","title":"Fried Chicken Tenders","producer":"Healthy Food Inc. Kitchen","photoPath":"https://goodeggs4.imgix.net/9d160111-5802-4e22-88f2-1d2e6ece8073.jpg?w=380&h=238&fm=jpg&auto=compress&fit=crop","price":"12.99","pricePer":"$12.99 / lb","purchaseUnit":"16 oz"},{"mainCategory":"Prepared","categoryName":"Memorial Day Favorites","subCategoryName":"","title":"Carrot & Celery Sticks","producer":"Healthy Food Inc. Kitchen","photoPath":"https://goodeggs4.imgix.net/a825db50-fea8-4cd8-86c3-41c39bb4968d.jpg?w=380&h=238&fm=jpg&auto=compress&fit=crop","price":"3.99","pricePer":"$0.40 / oz","purchaseUnit":"10 oz"},{"mainCategory":"Prepared","categoryName":"Memorial Day Favorites","subCategoryName":"","title":"Egg Salad with Herbs","producer":"Healthy Food Inc. Kitchen","photoPath":"https://goodeggs4.imgix.net/2d8a9ec2-ac6c-464c-803a-7ada1dd166ad.jpg?w=380&h=238&fm=jpg&auto=compress&fit=crop","price":"7.99","pricePer":"$0.66 / oz","purchaseUnit":"12 oz"},{"mainCategory":"Prepared","categoryName":"Memorial Day Favorites","subCategoryName":"","title":"Macaroni Salad","producer":"Healthy Food Inc. Kitchen","photoPath":"https://goodeggs4.imgix.net/e11211f9-77db-4b31-a11c-56bb372b0536.jpg?w=380&h=238&fm=jpg&auto=compress&fit=crop","price":"6.99","pricePer":"$6.99 / lb","purchaseUnit":"16 oz"},{"mainCategory":"Prepared","categoryName":"Memorial Day Favorites","subCategoryName":"","title":"Slow Roasted Beef Brisket","producer":"Healthy Food Inc. Kitchen","photoPath":"https://goodeggs4.imgix.net/1c189af2-886e-46fa-ada6-5243761ad04a.jpg?w=380&h=238&fm=jpg&auto=compress&fit=crop","price":"16.99","pricePer":"$22.65 / lb","purchaseUnit":"12 oz"},{"mainCategory":"Prepared","categoryName":"Memorial Day Favorites","subCategoryName":"","title":"Pulled Pork","producer":"Healthy Food Inc. Kitchen","photoPath":"https://goodeggs4.imgix.net/a5be74b2-7a4a-42b1-af77-03d2292d1da5.jpg?w=380&h=238&fm=jpg&auto=compress&fit=crop","price":"11.99","pricePer":"$11.99 / lb","purchaseUnit":"16 oz"},{"mainCategory":"Prepared","categoryName":"Memorial Day Favorites","subCategoryName":"","title":"Potato Salad","producer":"Healthy Food Inc. Kitchen","photoPath":"https://goodeggs4.imgix.net/6ad2180b-04cd-41db-994b-1f3a84a98cf2.jpg?w=380&h=238&fm=jpg&auto=compress&fit=crop","price":"6.99","pricePer":"$0.44 / oz","purchaseUnit":"16 oz"},{"mainCategory":"Prepared","categoryName":"Memorial Day Favorites","subCategoryName":"","title":"Organic Chicken Corn Dogs","producer":"The Organic Coup","photoPath":"https://goodeggs4.imgix.net/27a9ae88-e107-4016-9a71-0d77e313e9f9.jpg?w=380&h=238&fm=jpg&auto=compress&fit=crop","price":"21.99","pricePer":"$0.46 / oz","purchaseUnit":"12 count"},{"mainCategory":"Prepared","categoryName":"Memorial Day Favorites","subCategoryName":"","title":"Thick Cut Roasted Turkey","producer":"Healthy Food Inc. Kitchen","photoPath":"https://goodeggs4.imgix.net/a2634d56-3387-48c4-bd6f-d7bfe91a0e5c.jpg?w=380&h=238&fm=jpg&auto=compress&fit=crop","price":"16.99","pricePer":"$22.65 / lb","purchaseUnit":"12 oz"},{"mainCategory":"Prepared","categoryName":"Memorial Day Favorites","subCategoryName":"","title":"Ready to Eat Baby Back Ribs","producer":"RoliRoti","photoPath":"https://goodeggs4.imgix.net/b049b073-09f8-4365-b8f4-0481c0b8c40c.jpg?w=380&h=238&fm=jpg&auto=compress&fit=crop","price":"15.99","pricePer":"$10.66 / lb","purchaseUnit":"1.5 lb"},{"mainCategory":"Prepared","categoryName":"Memorial Day Favorites","subCategoryName":"","title":"Taco Party Pack","producer":"30 min total","photoPath":"https://goodeggs4.imgix.net/ea23f53c-0fa5-4644-9475-e75651200d89.jpg?w=380&h=238&fm=jpg&auto=compress&fit=crop","price":"47.99","pricePer":null,"purchaseUnit":"6 servings"},{"mainCategory":"Prepared","categoryName":"Memorial Day Favorites","subCategoryName":"","title":"Chips, Guacamole & Salsa","producer":"Healthy Food Inc. Meal Kits","photoPath":"https://goodeggs4.imgix.net/819dc66d-d3c5-4dcd-9628-b33067429581.jpg?w=380&h=238&fm=jpg&auto=compress&fit=crop","price":"16.99","pricePer":null,"purchaseUnit":"6 servings"},{"mainCategory":"Prepared","categoryName":"Memorial Day Favorites","subCategoryName":"","title":"Maine Lobster Mac & Cheese (Frozen)","producer":"Luke's Lobster","photoPath":"https://goodeggs4.imgix.net/fe87cbb9-3043-4bb0-aa6e-2e12ed0992c7.jpg?w=380&h=238&fm=jpg&auto=compress&fit=crop","price":"18.99","pricePer":"$18.99 / lb","purchaseUnit":"16 oz"},{"mainCategory":"Prepared","categoryName":"Memorial Day Favorites","subCategoryName":"","title":"Sesame Noodle Salad","producer":"Healthy Food Inc. Kitchen","photoPath":"https://goodeggs4.imgix.net/e087b100-3d01-46e2-89ae-60768eb950bd.jpg?w=380&h=238&fm=jpg&auto=compress&fit=crop","price":"9.99","pricePer":"$9.99 / lb","purchaseUnit":"16 oz"},{"mainCategory":"Prepared","categoryName":"Memorial Day Favorites","subCategoryName":"","title":"Asparagus & Herb Butter","producer":"Healthy Food Inc. Kitchen","photoPath":"https://goodeggs4.imgix.net/3071ed50-81f7-11eb-9783-f3d67f42bb6b?w=380&h=238&fm=jpg&auto=compress&fit=crop","price":"9.99","pricePer":"$0.62 / oz","purchaseUnit":"16 oz"},{"mainCategory":"Prepared","categoryName":"Healthy Food Inc. Kitchen","subCategoryName":"Cooked Meat","title":"Classic Roasted Chicken","producer":"Healthy Food Inc. Kitchen","photoPath":"https://goodeggs4.imgix.net/5428e638-f13a-442d-8a39-565c42e5fcd9.jpg?w=380&h=238&fm=jpg&auto=compress&fit=crop","price":"9.99","pricePer":"$4.34 / lb","purchaseUnit":"2.3 lb"},{"mainCategory":"Prepared","categoryName":"Healthy Food Inc. Kitchen","subCategoryName":"Cooked Meat","title":"Shredded Chicken","producer":"Healthy Food Inc. Kitchen","photoPath":"https://goodeggs4.imgix.net/1fa24d50-6535-4d8a-8da9-af634a4b06fd.jpg?w=380&h=238&fm=jpg&auto=compress&fit=crop","price":"7.99","pricePer":"$10.65 / lb","purchaseUnit":"12 oz"},{"mainCategory":"Prepared","categoryName":"Healthy Food Inc. Kitchen","subCategoryName":"Cooked Meat","title":"Fried Chicken Tenders","producer":"Healthy Food Inc. Kitchen","photoPath":"https://goodeggs4.imgix.net/9d160111-5802-4e22-88f2-1d2e6ece8073.jpg?w=380&h=238&fm=jpg&auto=compress&fit=crop","price":"12.99","pricePer":"$12.99 / lb","purchaseUnit":"16 oz"},{"mainCategory":"Prepared","categoryName":"Healthy Food Inc. Kitchen","subCategoryName":"Cooked Meat","title":"Roasted Salt & Pepper Bone-In Chicken Breast","producer":"Healthy Food Inc. Kitchen","photoPath":"https://goodeggs4.imgix.net/0f8d67f7-cb31-49b1-b6d1-4b0b6cef8864.jpg?w=380&h=238&fm=jpg&auto=compress&fit=crop","price":"9.99","pricePer":"$15.98 / lb","purchaseUnit":"0.625 lb"},{"mainCategory":"Prepared","categoryName":"Healthy Food Inc. Kitchen","subCategoryName":"Cooked Meat","title":"Ginger Chicken Meatballs with Teriyaki Sauce","producer":"Healthy Food Inc. Kitchen","photoPath":"https://goodeggs4.imgix.net/9562e62d-638f-4052-9615-df7d7594a00e.jpg?w=380&h=238&fm=jpg&auto=compress&fit=crop","price":"14.99","pricePer":"$19.98 / lb","purchaseUnit":"12 oz"},{"mainCategory":"Prepared","categoryName":"Healthy Food Inc. Kitchen","subCategoryName":"Cooked Meat","title":"Slow Roasted Beef Brisket","producer":"Healthy Food Inc. Kitchen","photoPath":"https://goodeggs4.imgix.net/1c189af2-886e-46fa-ada6-5243761ad04a.jpg?w=380&h=238&fm=jpg&auto=compress&fit=crop","price":"16.99","pricePer":"$22.65 / lb","purchaseUnit":"12 oz"},{"mainCategory":"Prepared","categoryName":"Healthy Food Inc. Kitchen","subCategoryName":"Cooked Meat","title":"Pulled Pork","producer":"Healthy Food Inc. Kitchen","photoPath":"https://goodeggs4.imgix.net/a5be74b2-7a4a-42b1-af77-03d2292d1da5.jpg?w=380&h=238&fm=jpg&auto=compress&fit=crop","price":"11.99","pricePer":"$11.99 / lb","purchaseUnit":"16 oz"},{"mainCategory":"Prepared","categoryName":"Healthy Food Inc. Kitchen","subCategoryName":"Cooked Meat","title":"Slow Roasted Beef","producer":"Healthy Food Inc. Kitchen","photoPath":"https://goodeggs4.imgix.net/1681f139-137f-46ec-ae6e-3e9c0777a069.jpg?w=380&h=238&fm=jpg&auto=compress&fit=crop","price":"14.99","pricePer":"$23.98 / lb","purchaseUnit":"10 oz"},{"mainCategory":"Prepared","categoryName":"Healthy Food Inc. Kitchen","subCategoryName":"Cooked Meat","title":"Grass-Fed Beef & Bean Chili","producer":"Healthy Food Inc. Kitchen","photoPath":"https://goodeggs4.imgix.net/01a77722-d035-444a-bf98-bd205d7c08e5.jpg?w=380&h=238&fm=jpg&auto=compress&fit=crop","price":"8.99","pricePer":"$0.56 / oz","purchaseUnit":"16 oz"},{"mainCategory":"Prepared","categoryName":"Healthy Food Inc. Kitchen","subCategoryName":"Cooked Meat","title":"Slow Roasted Pork Shoulder","producer":"Healthy Food Inc. Kitchen","photoPath":"https://goodeggs4.imgix.net/207f6389-4e96-40f4-bcb7-085294aa9b49.jpg?w=380&h=238&fm=jpg&auto=compress&fit=crop","price":"9.99","pricePer":"$13.32 / lb","purchaseUnit":"0.75 lb"},{"mainCategory":"Prepared","categoryName":"Healthy Food Inc. Kitchen","subCategoryName":"Cooked Meat","title":"Honey Mustard Glazed Pork Loin","producer":"Healthy Food Inc. Kitchen","photoPath":"https://goodeggs4.imgix.net/f1a115a6-b4d2-471f-a3dd-0700782a3126.jpg?w=380&h=238&fm=jpg&auto=compress&fit=crop","price":"17.99","pricePer":"$23.98 / lb","purchaseUnit":"12 oz"},{"mainCategory":"Prepared","categoryName":"Healthy Food Inc. Kitchen","subCategoryName":"Cooked Meat","title":"Pork & Beef Ragu","producer":"Healthy Food Inc. Kitchen","photoPath":"https://goodeggs4.imgix.net/e388a51a-d43a-4717-bc4c-4e4ea56fa119.jpg?w=380&h=238&fm=jpg&auto=compress&fit=crop","price":"13.99","pricePer":"$11.19 / lb","purchaseUnit":"20 oz"},{"mainCategory":"Prepared","categoryName":"Healthy Food Inc. Kitchen","subCategoryName":"Cooked Meat","title":"Pork & Beef Meatballs in Tomato Sauce","producer":"Healthy Food Inc. Kitchen","photoPath":"https://goodeggs4.imgix.net/a2fd8671-f082-48b8-b0cb-ddfae6a905cd.jpg?w=380&h=238&fm=jpg&auto=compress&fit=crop","price":"15.99","pricePer":"$15.99 / lb","purchaseUnit":"16 oz"},{"mainCategory":"Prepared","categoryName":"Healthy Food Inc. Kitchen","subCategoryName":"Cooked Meat","title":"Turkey Ricotta Meatballs","producer":"Healthy Food Inc. Kitchen","photoPath":"https://goodeggs4.imgix.net/9024015b-7ff6-4107-86cc-9ce66e3ad858.jpg?w=380&h=238&fm=jpg&auto=compress&fit=crop","price":"12.99","pricePer":"$17.32 / lb","purchaseUnit":"12 oz"},{"mainCategory":"Prepared","categoryName":"Healthy Food Inc. Kitchen","subCategoryName":"Cooked Meat","title":"Thick Cut Roasted Turkey","producer":"Healthy Food Inc. Kitchen","photoPath":"https://goodeggs4.imgix.net/a2634d56-3387-48c4-bd6f-d7bfe91a0e5c.jpg?w=380&h=238&fm=jpg&auto=compress&fit=crop","price":"16.99","pricePer":"$22.65 / lb","purchaseUnit":"12 oz"},{"mainCategory":"Prepared","categoryName":"Healthy Food Inc. Kitchen","subCategoryName":"Entrees","title":"Moroccan Chicken with Couscous & Yogurt Sauce","producer":"Healthy Food Inc. Kitchen","photoPath":"https://goodeggs4.imgix.net/d704b14b-363a-40ce-a4f8-2ee7579bbfc7.jpg?w=380&h=238&fm=jpg&auto=compress&fit=crop","price":"13.99","pricePer":"$11.19 / lb","purchaseUnit":"1.25 lb"},{"mainCategory":"Prepared","categoryName":"Healthy Food Inc. Kitchen","subCategoryName":"Entrees","title":"Turkey Meatballs & Polenta","producer":"Healthy Food Inc. Kitchen","photoPath":"https://goodeggs4.imgix.net/30ee1d54-15de-4255-9763-77291be5fab7.jpg?w=380&h=238&fm=jpg&auto=compress&fit=crop","price":"11.99","pricePer":"$9.59 / lb","purchaseUnit":"20 oz"},{"mainCategory":"Prepared","categoryName":"Healthy Food Inc. Kitchen","subCategoryName":"Entrees","title":"Heat & Eat Chicken Enchiladas","producer":"Healthy Food Inc. Kitchen","photoPath":"https://goodeggs4.imgix.net/56fb1e12-92ee-4fc4-8f17-3a9455cac28a.jpg?w=380&h=238&fm=jpg&auto=compress&fit=crop","price":"10.99","pricePer":"$10.99 / lb","purchaseUnit":"16 oz"},{"mainCategory":"Prepared","categoryName":"Healthy Food Inc. Kitchen","subCategoryName":"Entrees","title":"Heat & Eat Sweet Potato & Black Bean Enchiladas","producer":"Healthy Food Inc. Kitchen","photoPath":"https://goodeggs4.imgix.net/1e0a2b3f-4d3a-4cd0-95de-40fae0eb4a9d.jpg?w=380&h=238&fm=jpg&auto=compress&fit=crop","price":"10.99","pricePer":"$10.99 / lb","purchaseUnit":"16 oz"},{"mainCategory":"Prepared","categoryName":"Healthy Food Inc. Kitchen","subCategoryName":"Entrees","title":"Chicken Tikka Masala with Roasted Peppers","producer":"Healthy Food Inc. Kitchen","photoPath":"https://goodeggs4.imgix.net/56206db0-9d82-4a42-89a1-5a21326f32ab.jpg?w=380&h=238&fm=jpg&auto=compress&fit=crop","price":"11.99","pricePer":"$0.74 / oz","purchaseUnit":"16 oz"},{"mainCategory":"Prepared","categoryName":"Healthy Food Inc. Kitchen","subCategoryName":"Entrees","title":"Macaroni & Cheese","producer":"Healthy Food Inc. Kitchen","photoPath":"https://goodeggs4.imgix.net/48abb1b9-b7d8-4618-99c0-6e3954e90491.jpg?w=380&h=238&fm=jpg&auto=compress&fit=crop","price":"8.99","pricePer":"$7.19 / lb","purchaseUnit":"20 oz"},{"mainCategory":"Prepared","categoryName":"Healthy Food Inc. Kitchen","subCategoryName":"Entrees","title":"General Tso's Tofu with Bok Choy and Rice","producer":"Healthy Food Inc. Kitchen","photoPath":"https://goodeggs4.imgix.net/421c1bd9-875d-4013-ab0c-979578aede8e.jpg?w=380&h=238&fm=jpg&auto=compress&fit=crop","price":"12.99","pricePer":"$10.39 / lb","purchaseUnit":"20 oz"},{"mainCategory":"Prepared","categoryName":"Healthy Food Inc. Kitchen","subCategoryName":"Entrees","title":"Creamy Baked Pasta with Chicken & Broccoli","producer":"Healthy Food Inc. Kitchen","photoPath":"https://goodeggs4.imgix.net/3506b86b-0dc9-4102-b78d-c66cdb63993b.jpg?w=380&h=238&fm=jpg&auto=compress&fit=crop","price":"11.99","pricePer":"$9.59 / lb","purchaseUnit":"20 oz"},{"mainCategory":"Prepared","categoryName":"Healthy Food Inc. Kitchen","subCategoryName":"Entrees","title":"Baked Pasta with Pork & Beef Ragu","producer":"Healthy Food Inc. Kitchen","photoPath":"https://goodeggs4.imgix.net/697ef25d-5989-4b21-9b8d-b07a92b78402.jpg?w=380&h=238&fm=jpg&auto=compress&fit=crop","price":"12.99","pricePer":"$10.39 / lb","purchaseUnit":"20 oz"},{"mainCategory":"Prepared","categoryName":"Healthy Food Inc. Kitchen","subCategoryName":"Salsa & Dips","title":"Guacamole","producer":"Healthy Food Inc. Kitchen","photoPath":"https://goodeggs4.imgix.net/1b8339d1-c001-4e5b-8faa-3c354bc0cbba.jpg?w=380&h=238&fm=jpg&auto=compress&fit=crop","price":"6.99","pricePer":"$0.69 / oz","purchaseUnit":"10 oz"},{"mainCategory":"Prepared","categoryName":"Healthy Food Inc. Kitchen","subCategoryName":"Salsa & Dips","title":"Pico de Gallo Salsa","producer":"Healthy Food Inc. Kitchen","photoPath":"https://goodeggs4.imgix.net/f587159b-1c42-4635-8b5b-e88fa4d10934.jpg?w=380&h=238&fm=jpg&auto=compress&fit=crop","price":"5.99","pricePer":"$0.49 / oz","purchaseUnit":"12 oz"},{"mainCategory":"Prepared","categoryName":"Healthy Food Inc. Kitchen","subCategoryName":"Salsa & Dips","title":"Salsa Verde","producer":"Healthy Food Inc. Kitchen","photoPath":"https://goodeggs4.imgix.net/f2d3e86d-9947-4bc4-ae58-59dd1e10b6b8.jpg?w=380&h=238&fm=jpg&auto=compress&fit=crop","price":"4.99","pricePer":"$1.24 / oz","purchaseUnit":"4 oz"},{"mainCategory":"Prepared","categoryName":"Healthy Food Inc. Kitchen","subCategoryName":"Salsa & Dips","title":"Red Pepper Walnut Dip","producer":"Healthy Food Inc. Kitchen","photoPath":"https://goodeggs4.imgix.net/17fee2bb-e751-4c0f-8000-7d262166c541.jpg?w=380&h=238&fm=jpg&auto=compress&fit=crop","price":"5.99","pricePer":"$0.74 / oz","purchaseUnit":"8 oz"},{"mainCategory":"Prepared","categoryName":"Healthy Food Inc. Kitchen","subCategoryName":"Salsa & Dips","title":"Heirloom Bean Dip","producer":"Healthy Food Inc. Kitchen","photoPath":"https://goodeggs4.imgix.net/63dba0d6-2df4-4ad5-9c0d-3acc33976d87.jpg?w=380&h=238&fm=jpg&auto=compress&fit=crop","price":"5.99","pricePer":"$0.59 / oz","purchaseUnit":"10 oz"},{"mainCategory":"Prepared","categoryName":"Healthy Food Inc. Kitchen","subCategoryName":"Salsa & Dips","title":"French Onion Dip","producer":"Healthy Food Inc. Kitchen","photoPath":"https://goodeggs4.imgix.net/5c5a18c4-e590-4fd0-ae62-f9e3ea9c6554.jpg?w=380&h=238&fm=jpg&auto=compress&fit=crop","price":"4.99","pricePer":"$0.62 / oz","purchaseUnit":"8 oz"},{"mainCategory":"Prepared","categoryName":"Healthy Food Inc. Kitchen","subCategoryName":"Salsa & Dips","title":"Pepita Salsa","producer":"Healthy Food Inc. Kitchen","photoPath":"https://goodeggs4.imgix.net/3b1d1777-118d-4cd9-8243-b34245cca3e1.jpg?w=380&h=238&fm=jpg&auto=compress&fit=crop","price":"4.99","pricePer":"$0.99 / oz","purchaseUnit":"5 oz"},{"mainCategory":"Prepared","categoryName":"Healthy Food Inc. Kitchen","subCategoryName":"Salsa & Dips","title":"Roasted Tomato Salsa","producer":"Healthy Food Inc. Kitchen","photoPath":"https://goodeggs4.imgix.net/a7dd67ce-ace6-4a5f-829e-3d2605dc1fd4.jpg?w=380&h=238&fm=jpg&auto=compress&fit=crop","price":"5.99","pricePer":"$0.49 / oz","purchaseUnit":"12 oz"},{"mainCategory":"Prepared","categoryName":"Healthy Food Inc. Kitchen","subCategoryName":"Salsa & Dips","title":"Avocado Lime Crema","producer":"Healthy Food Inc. Kitchen","photoPath":"https://goodeggs4.imgix.net/7563d3cd-d343-42d6-b750-d799d443e281.jpg?w=380&h=238&fm=jpg&auto=compress&fit=crop","price":"4.99","pricePer":"$0.99 / oz","purchaseUnit":"5 oz"},{"mainCategory":"Prepared","categoryName":"Healthy Food Inc. Kitchen","subCategoryName":"Salsa & Dips","title":"Black Bean Sauce","producer":"Healthy Food Inc. Kitchen","photoPath":"https://goodeggs4.imgix.net/b59cfbe7-84ff-4e43-bd12-58d20f844e6c.jpg?w=380&h=238&fm=jpg&auto=compress&fit=crop","price":"4.99","pricePer":"$0.99 / oz","purchaseUnit":"5 oz"},{"mainCategory":"Prepared","categoryName":"Healthy Food Inc. Kitchen","subCategoryName":"Salsa & Dips","title":"Filipino Adobo Marinade","producer":"Healthy Food Inc. Kitchen","photoPath":"https://goodeggs4.imgix.net/2e279e11-9f3a-44bd-a2eb-a84a085e0d87.jpg?w=380&h=238&fm=jpg&auto=compress&fit=crop","price":"4.99","pricePer":"$0.62 / oz","purchaseUnit":"8 oz"},{"mainCategory":"Prepared","categoryName":"Healthy Food Inc. Kitchen","subCategoryName":"Salsa & Dips","title":"Tomatillo Salsa","producer":"Healthy Food Inc. Kitchen","photoPath":"https://goodeggs4.imgix.net/5d03f9f5-89a4-4335-bb80-a4b1a89cd199.jpg?w=380&h=238&fm=jpg&auto=compress&fit=crop","price":"7.99","pricePer":"$0.66 / oz","purchaseUnit":"12 oz"},{"mainCategory":"Prepared","categoryName":"Healthy Food Inc. Kitchen","subCategoryName":"Boxed Salads & Snack Packs","title":"Sesame Chicken Salad with Satsumas","producer":"Healthy Food Inc. Kitchen","photoPath":"https://goodeggs4.imgix.net/4ced791f-3c68-43bb-b319-077c598df1d4.jpg?w=380&h=238&fm=jpg&auto=compress&fit=crop","price":"10.99","pricePer":"$14.65 / lb","purchaseUnit":"12 oz"},{"mainCategory":"Prepared","categoryName":"Healthy Food Inc. Kitchen","subCategoryName":"Boxed Salads & Snack Packs","title":"Southwestern Salad","producer":"Healthy Food Inc. Kitchen","photoPath":"https://goodeggs4.imgix.net/a7a3af90-1b69-4c3c-bb73-d7c4bbf566c2.jpg?w=380&h=238&fm=jpg&auto=compress&fit=crop","price":"10.99","pricePer":"$14.65 / lb","purchaseUnit":"12 oz"},{"mainCategory":"Prepared","categoryName":"Healthy Food Inc. Kitchen","subCategoryName":"Boxed Salads & Snack Packs","title":"Vegan Buddha Bowl","producer":"Healthy Food Inc. Kitchen","photoPath":"https://goodeggs4.imgix.net/6a9fbae1-1c50-4d8f-89a8-cffd4c52c770.jpg?w=380&h=238&fm=jpg&auto=compress&fit=crop","price":"9.99","pricePer":"$13.32 / lb","purchaseUnit":"12 oz"},{"mainCategory":"Prepared","categoryName":"Healthy Food Inc. Kitchen","subCategoryName":"Boxed Salads & Snack Packs","title":"Chicken Kale Caesar Salad","producer":"Healthy Food Inc. Kitchen","photoPath":"https://goodeggs4.imgix.net/67b7a322-53c1-4b88-8672-f870f7364021.jpg?w=380&h=238&fm=jpg&auto=compress&fit=crop","price":"10.99","pricePer":"$14.65 / lb","purchaseUnit":"12 oz"},{"mainCategory":"Prepared","categoryName":"Healthy Food Inc. Kitchen","subCategoryName":"Boxed Salads & Snack Packs","title":"Fonio Grain Bowl with Pepitas and Green Beans","producer":"Healthy Food Inc. Kitchen","photoPath":"https://goodeggs4.imgix.net/0fea8bef-b297-4684-81e4-fd735cfe887e.jpg?w=380&h=238&fm=jpg&auto=compress&fit=crop","price":"9.99","pricePer":"$13.32 / lb","purchaseUnit":"12 oz"},{"mainCategory":"Prepared","categoryName":"Healthy Food Inc. Kitchen","subCategoryName":"Boxed Salads & Snack Packs","title":"Nicoise Salad with Green Beans","producer":"Healthy Food Inc. Kitchen","photoPath":"https://goodeggs4.imgix.net/24592937-660a-4573-8315-cfac3b5a0eec.jpg?w=380&h=238&fm=jpg&auto=compress&fit=crop","price":"10.99","pricePer":"$14.65 / lb","purchaseUnit":"12 oz"},{"mainCategory":"Prepared","categoryName":"Healthy Food Inc. Kitchen","subCategoryName":"Boxed Salads & Snack Packs","title":"Vegan Snack Pack","producer":"Healthy Food Inc. Kitchen","photoPath":"https://goodeggs4.imgix.net/d3688000-6cd7-4c22-9c81-cf278607f41a.jpg?w=380&h=238&fm=jpg&auto=compress&fit=crop","price":"9.99","pricePer":"$12.78 / lb","purchaseUnit":"12.5 oz"},{"mainCategory":"Prepared","categoryName":"Healthy Food Inc. Kitchen","subCategoryName":"Boxed Salads & Snack Packs","title":"Mezze Snack Pack","producer":"Healthy Food Inc. Kitchen","photoPath":"https://goodeggs4.imgix.net/3fdf1ace-d431-4afc-8fac-043f18b7a4c5.jpg?w=380&h=238&fm=jpg&auto=compress&fit=crop","price":"9.99","pricePer":"$13.32 / lb","purchaseUnit":"12 oz"},{"mainCategory":"Prepared","categoryName":"Healthy Food Inc. Kitchen","subCategoryName":"Boxed Salads & Snack Packs","title":"Crudités Snack Pack","producer":"Healthy Food Inc. Kitchen","photoPath":"https://goodeggs4.imgix.net/f732a9eb-f537-4df3-9896-c5bf5daa90dc.jpg?w=380&h=238&fm=jpg&auto=compress&fit=crop","price":"7.99","pricePer":"$11.62 / lb","purchaseUnit":"11 oz"},{"mainCategory":"Prepared","categoryName":"Healthy Food Inc. Kitchen","subCategoryName":"Boxed Salads & Snack Packs","title":"California Cobb with Beets","producer":"Healthy Food Inc. Kitchen","photoPath":"https://goodeggs4.imgix.net/66cbfefa-75c7-4909-9f86-58e7d30d21ab.jpg?w=380&h=238&fm=jpg&auto=compress&fit=crop","price":"10.99","pricePer":null,"purchaseUnit":"12 oz"},{"mainCategory":"Prepared","categoryName":"Healthy Food Inc. Kitchen","subCategoryName":"Boxed Salads & Snack Packs","title":"Sesame Noodle Salad","producer":"Healthy Food Inc. Kitchen","photoPath":"https://goodeggs4.imgix.net/e087b100-3d01-46e2-89ae-60768eb950bd.jpg?w=380&h=238&fm=jpg&auto=compress&fit=crop","price":"9.99","pricePer":"$9.99 / lb","purchaseUnit":"16 oz"},{"mainCategory":"Prepared","categoryName":"Healthy Food Inc. Kitchen","subCategoryName":"Boxed Salads & Snack Packs","title":"Spring Salad with Asparagus and Spiced Almonds","producer":"Healthy Food Inc. Kitchen","photoPath":"https://goodeggs4.imgix.net/a5fe5b82-8102-11eb-9180-134c133f9914?w=380&h=238&fm=jpg&auto=compress&fit=crop","price":"9.99","pricePer":"$1.05 / oz","purchaseUnit":"9.5 oz"},{"mainCategory":"Prepared","categoryName":"Healthy Food Inc. Kitchen","subCategoryName":"Boxed Salads & Snack Packs","title":"Protein Snack Pack","producer":"Healthy Food Inc. Kitchen","photoPath":"https://goodeggs4.imgix.net/133abbcf-29a2-48b9-b976-5a85513fc711.jpg?w=380&h=238&fm=jpg&auto=compress&fit=crop","price":"9.99","pricePer":"$22.83 / lb","purchaseUnit":"7 oz"},{"mainCategory":"Prepared","categoryName":"Healthy Food Inc. Kitchen","subCategoryName":"Boxed Salads & Snack Packs","title":"Italian Chopped Salad","producer":"Healthy Food Inc. Kitchen","photoPath":"https://goodeggs4.imgix.net/0f937f34-6607-412f-a7ba-abd00817440a.jpg?w=380&h=238&fm=jpg&auto=compress&fit=crop","price":"10.99","pricePer":"$14.65 / lb","purchaseUnit":"12 oz"},{"mainCategory":"Prepared","categoryName":"Healthy Food Inc. Kitchen","subCategoryName":"Deli Meat & Salads","title":"Sliced Rosemary Ham","producer":"Healthy Food Inc. Kitchen","photoPath":"https://goodeggs4.imgix.net/d0797269-fa32-4fc2-879a-1da800812c6a.jpg?w=380&h=238&fm=jpg&auto=compress&fit=crop","price":"9.99","pricePer":"$19.98 / lb","purchaseUnit":"8 oz"},{"mainCategory":"Prepared","categoryName":"Healthy Food Inc. Kitchen","subCategoryName":"Deli Meat & Salads","title":"Tuna Salad with Olives","producer":"Healthy Food Inc. Kitchen","photoPath":"https://goodeggs4.imgix.net/d991cfba-9402-4286-8b0c-af801349ac82.jpg?w=380&h=238&fm=jpg&auto=compress&fit=crop","price":"8.99","pricePer":"$11.98 / lb","purchaseUnit":"12 oz"},{"mainCategory":"Prepared","categoryName":"Healthy Food Inc. Kitchen","subCategoryName":"Deli Meat & Salads","title":"Tuna Salad with Preserved Lemon","producer":"Healthy Food Inc. Kitchen","photoPath":"https://goodeggs4.imgix.net/32be92b4-362c-4833-a758-ca3ef3b0af7f.jpg?w=380&h=238&fm=jpg&auto=compress&fit=crop","price":"8.99","pricePer":"$0.74 / oz","purchaseUnit":"12 oz"},{"mainCategory":"Prepared","categoryName":"Healthy Food Inc. Kitchen","subCategoryName":"Deli Meat & Salads","title":"Quinoa Salad with Feta & Kalamata Olives","producer":"Healthy Food Inc. Kitchen","photoPath":"https://goodeggs4.imgix.net/5cc73d42-f391-4b9f-bbe9-646d4fc9472a.jpg?w=380&h=238&fm=jpg&auto=compress&fit=crop","price":"6.99","pricePer":"$9.32 / lb","purchaseUnit":"12 oz"},{"mainCategory":"Prepared","categoryName":"Healthy Food Inc. Kitchen","subCategoryName":"Deli Meat & Salads","title":"Farro Salad with Romanesco and Smoked Paprika","producer":"Healthy Food Inc. Kitchen","photoPath":"https://goodeggs4.imgix.net/6f497dcf-fbcc-41ce-ad9d-dd5f34718e0c.jpg?w=380&h=238&fm=jpg&auto=compress&fit=crop","price":"6.99","pricePer":"$9.32 / lb","purchaseUnit":"12 oz"},{"mainCategory":"Prepared","categoryName":"Healthy Food Inc. Kitchen","subCategoryName":"Deli Meat & Salads","title":"Sliced Mortadella","producer":"Healthy Food Inc. Kitchen","photoPath":"https://goodeggs4.imgix.net/8265ccfe-5341-4f1f-9d3e-2819e312c480.jpg?w=380&h=238&fm=jpg&auto=compress&fit=crop","price":"9.99","pricePer":"$19.98 / lb","purchaseUnit":"8 oz"},{"mainCategory":"Prepared","categoryName":"Healthy Food Inc. Kitchen","subCategoryName":"Deli Meat & Salads","title":"Curried Chicken Salad","producer":"Healthy Food Inc. Kitchen","photoPath":"https://goodeggs4.imgix.net/802976cd-a810-4d3b-b703-12d01fdfa9f2.jpg?w=380&h=238&fm=jpg&auto=compress&fit=crop","price":"8.99","pricePer":"$0.74 / oz","purchaseUnit":"12 oz"},{"mainCategory":"Prepared","categoryName":"Healthy Food Inc. Kitchen","subCategoryName":"Deli Meat & Salads","title":"Pesto Chicken Salad","producer":"Healthy Food Inc. Kitchen","photoPath":"https://goodeggs4.imgix.net/afe83fe8-b07e-4e1d-8286-392c7913f338.jpg?w=380&h=238&fm=jpg&auto=compress&fit=crop","price":"8.99","pricePer":"$0.74 / oz","purchaseUnit":"12 oz"},{"mainCategory":"Prepared","categoryName":"Healthy Food Inc. Kitchen","subCategoryName":"Deli Meat & Salads","title":"Potato Salad","producer":"Healthy Food Inc. Kitchen","photoPath":"https://goodeggs4.imgix.net/6ad2180b-04cd-41db-994b-1f3a84a98cf2.jpg?w=380&h=238&fm=jpg&auto=compress&fit=crop","price":"6.99","pricePer":"$0.44 / oz","purchaseUnit":"16 oz"},{"mainCategory":"Prepared","categoryName":"Healthy Food Inc. Kitchen","subCategoryName":"Deli Meat & Salads","title":"Egg Salad with Herbs","producer":"Healthy Food Inc. Kitchen","photoPath":"https://goodeggs4.imgix.net/2d8a9ec2-ac6c-464c-803a-7ada1dd166ad.jpg?w=380&h=238&fm=jpg&auto=compress&fit=crop","price":"7.99","pricePer":"$0.66 / oz","purchaseUnit":"12 oz"},{"mainCategory":"Prepared","categoryName":"Healthy Food Inc. Kitchen","subCategoryName":"Deli Meat & Salads","title":"Macaroni Salad","producer":"Healthy Food Inc. Kitchen","photoPath":"https://goodeggs4.imgix.net/e11211f9-77db-4b31-a11c-56bb372b0536.jpg?w=380&h=238&fm=jpg&auto=compress&fit=crop","price":"6.99","pricePer":"$6.99 / lb","purchaseUnit":"16 oz"},{"mainCategory":"Prepared","categoryName":"Healthy Food Inc. Kitchen","subCategoryName":"Deli Meat & Salads","title":"Pesto Pasta Salad with Mozzarella and Green Beans","producer":"Healthy Food Inc. Kitchen","photoPath":"https://goodeggs4.imgix.net/bf9a7717-c2b4-4078-be02-5513566204cb.jpg?w=380&h=238&fm=jpg&auto=compress&fit=crop","price":"8.99","pricePer":"$8.99 / lb","purchaseUnit":"16 oz"},{"mainCategory":"Prepared","categoryName":"Healthy Food Inc. Kitchen","subCategoryName":"Deli Meat & Salads","title":"Deli Sliced Roast Beef","producer":"Healthy Food Inc. Kitchen","photoPath":"https://goodeggs4.imgix.net/c0453e25-49b9-4fda-aa17-1db10155fe0b.jpg?w=380&h=238&fm=jpg&auto=compress&fit=crop","price":"17.99","pricePer":"$23.98 / lb","purchaseUnit":"12 oz"},{"mainCategory":"Prepared","categoryName":"Healthy Food Inc. Kitchen","subCategoryName":"Deli Meat & Salads","title":"Cubed Ham","producer":"Healthy Food Inc. Kitchen","photoPath":"https://goodeggs4.imgix.net/594630a4-a873-4e2c-8464-610c031c4685.jpg?w=380&h=238&fm=jpg&auto=compress&fit=crop","price":"10.99","pricePer":"$14.65 / lb","purchaseUnit":"12 oz"},{"mainCategory":"Prepared","categoryName":"Healthy Food Inc. Kitchen","subCategoryName":"Deli Meat & Salads","title":"Italian Chicken Salad","producer":"Healthy Food Inc. Kitchen","photoPath":"https://goodeggs4.imgix.net/c81a6324-989a-4d99-9b88-51b7e9f5bdfc.jpg?w=380&h=238&fm=jpg&auto=compress&fit=crop","price":"8.99","pricePer":"$0.74 / oz","purchaseUnit":"12 oz"},{"mainCategory":"Prepared","categoryName":"Healthy Food Inc. Kitchen","subCategoryName":"Deli Meat & Salads","title":"Cubed Turkey","producer":"Healthy Food Inc. Kitchen","photoPath":"https://goodeggs4.imgix.net/d9ac329b-4c85-4075-9f9e-b9c56d97f694.jpg?w=380&h=238&fm=jpg&auto=compress&fit=crop","price":"12.99","pricePer":"$17.32 / lb","purchaseUnit":"12 oz"},{"mainCategory":"Prepared","categoryName":"Healthy Food Inc. Kitchen","subCategoryName":"Deli Meat & Salads","title":"Smoked Trout Salad","producer":"Healthy Food Inc. Kitchen","photoPath":"https://goodeggs4.imgix.net/3728e773-b1b6-42ad-82f7-cf570517e20c.jpg?w=380&h=238&fm=jpg&auto=compress&fit=crop","price":"13.49","pricePer":"$1.12 / oz","purchaseUnit":"12 oz"},{"mainCategory":"Prepared","categoryName":"Healthy Food Inc. Kitchen","subCategoryName":"Deli Meat & Salads","title":"Potato Salad","producer":"Healthy Food Inc. Kitchen","photoPath":"https://goodeggs4.imgix.net/75083723-77cc-40ed-b1b5-61a8193922e4.jpg?w=380&h=238&fm=jpg&auto=compress&fit=crop","price":"9.99","pricePer":"$0.31 / oz","purchaseUnit":"32 oz"},{"mainCategory":"Prepared","categoryName":"Healthy Food Inc. Kitchen","subCategoryName":"Deli Meat & Salads","title":"Coleslaw","producer":"Healthy Food Inc. Kitchen","photoPath":"https://goodeggs4.imgix.net/cb94c423-dfcb-432c-a767-c4567aa8607d.jpg?w=380&h=238&fm=jpg&auto=compress&fit=crop","price":"5.99","pricePer":"$5.99 / lb","purchaseUnit":"16 oz"},{"mainCategory":"Prepared","categoryName":"Healthy Food Inc. Kitchen","subCategoryName":"Deli Meat & Salads","title":"Lamb Prosciutto","producer":"Healthy Food Inc. Kitchen","photoPath":"https://goodeggs4.imgix.net/06e2627e-3a45-4bec-bb18-6b0402dcc5e9.jpg?w=380&h=238&fm=jpg&auto=compress&fit=crop","price":"17.99","pricePer":"$4.49 / oz","purchaseUnit":"4 oz"},{"mainCategory":"Prepared","categoryName":"Healthy Food Inc. Kitchen","subCategoryName":"Soups & Broth","title":"Chicken Noodle Soup","producer":"Healthy Food Inc. Kitchen","photoPath":"https://goodeggs4.imgix.net/146075f9-18c9-4c7b-9831-099d06704921.jpg?w=380&h=238&fm=jpg&auto=compress&fit=crop","price":"12.99","pricePer":"$0.43 / oz","purchaseUnit":"30 oz"},{"mainCategory":"Prepared","categoryName":"Healthy Food Inc. Kitchen","subCategoryName":"Soups & Broth","title":"Carrot Ginger Turmeric Soup","producer":"Healthy Food Inc. Kitchen","photoPath":"https://goodeggs4.imgix.net/c3e132ff-b005-4e34-9572-e6d5356d49f8.jpg?w=380&h=238&fm=jpg&auto=compress&fit=crop","price":"9.99","pricePer":"$0.33 / oz","purchaseUnit":"30 oz"},{"mainCategory":"Prepared","categoryName":"Healthy Food Inc. Kitchen","subCategoryName":"Soups & Broth","title":"Tomato Orange Soup","producer":"Healthy Food Inc. Kitchen","photoPath":"https://goodeggs4.imgix.net/f07c4aba-a30c-4a5d-bb67-e1d4694ad0f1.jpg?w=380&h=238&fm=jpg&auto=compress&fit=crop","price":"8.99","pricePer":null,"purchaseUnit":"28 oz"},{"mainCategory":"Prepared","categoryName":"Healthy Food Inc. Kitchen","subCategoryName":"Soups & Broth","title":"Chicken Broth (Frozen)","producer":"Healthy Food Inc. Kitchen","photoPath":"https://goodeggs4.imgix.net/c3336256-723c-4723-8d2e-e82d6e3a5bd9.jpg?w=380&h=238&fm=jpg&auto=compress&fit=crop","price":"5.99","pricePer":"$0.21 / fl oz","purchaseUnit":"28 fl oz"},{"mainCategory":"Prepared","categoryName":"Healthy Food Inc. Kitchen","subCategoryName":"Soups & Broth","title":"Ramen Broth (Frozen)","producer":"Healthy Food Inc. Kitchen","photoPath":"https://goodeggs4.imgix.net/03b838c1-ddc0-48f0-8557-7473434a7fb4.jpg?w=380&h=238&fm=jpg&auto=compress&fit=crop","price":"6.99","pricePer":"$0.25 / fl oz","purchaseUnit":"28 fl oz"},{"mainCategory":"Prepared","categoryName":"Healthy Food Inc. Kitchen","subCategoryName":"Soups & Broth","title":"Vegetable Broth (Frozen)","producer":"Healthy Food Inc. Kitchen","photoPath":"https://goodeggs4.imgix.net/b41453eb-110d-4243-8c8e-b9c16d4ab45c.jpg?w=380&h=238&fm=jpg&auto=compress&fit=crop","price":"4.99","pricePer":"$0.18 / fl oz","purchaseUnit":"28 fl oz"},{"mainCategory":"Prepared","categoryName":"Healthy Food Inc. Kitchen","subCategoryName":"Soups & Broth","title":"Mushroom Broth (Frozen)","producer":"Healthy Food Inc. Kitchen","photoPath":"https://goodeggs4.imgix.net/953fc561-323d-47e4-a645-cd2c5a6fdbef.jpg?w=380&h=238&fm=jpg&auto=compress&fit=crop","price":"5.99","pricePer":"$0.21 / fl oz","purchaseUnit":"28 fl oz"},{"mainCategory":"Prepared","categoryName":"Healthy Food Inc. Kitchen","subCategoryName":"Soups & Broth","title":"Beef Bone Broth (Frozen)","producer":"Healthy Food Inc. Kitchen","photoPath":"https://goodeggs4.imgix.net/29d71933-51c1-4ba2-9398-fe7343baaf43.jpg?w=380&h=238&fm=jpg&auto=compress&fit=crop","price":"6.99","pricePer":"$0.25 / fl oz","purchaseUnit":"28 fl oz"},{"mainCategory":"Prepared","categoryName":"Healthy Food Inc. Kitchen","subCategoryName":"Side Dishes","title":"Marinated Beets","producer":"Healthy Food Inc. Kitchen","photoPath":"https://goodeggs4.imgix.net/83dad5fb-4460-4d2f-a279-2f8d7cf06045.jpg?w=380&h=238&fm=jpg&auto=compress&fit=crop","price":"4.99","pricePer":"$0.62 / oz","purchaseUnit":"8 oz"},{"mainCategory":"Prepared","categoryName":"Healthy Food Inc. Kitchen","subCategoryName":"Side Dishes","title":"Sautéed Greens with Chili and Garlic","producer":"Healthy Food Inc. Kitchen","photoPath":"https://goodeggs4.imgix.net/ed3d14cc-45e5-49c3-b3d4-43171fcd9370.jpg?w=380&h=238&fm=jpg&auto=compress&fit=crop","price":"6.99","pricePer":"$0.87 / oz","purchaseUnit":"8 oz"},{"mainCategory":"Prepared","categoryName":"Healthy Food Inc. Kitchen","subCategoryName":"Side Dishes","title":"Roasted Spring Vegetable Medley","producer":"Healthy Food Inc. Kitchen","photoPath":"https://goodeggs4.imgix.net/c62e0e60-a0bd-42fe-8c7a-47c809089823.jpg?w=380&h=238&fm=jpg&auto=compress&fit=crop","price":"19.99","pricePer":"$0.62 / oz","purchaseUnit":"32 oz"},{"mainCategory":"Prepared","categoryName":"Healthy Food Inc. Kitchen","subCategoryName":"Side Dishes","title":"Mashed Potatoes","producer":"Healthy Food Inc. Kitchen","photoPath":"https://goodeggs4.imgix.net/c17471b6-19c4-41f1-bb13-c6025760a9c7.jpg?w=380&h=238&fm=jpg&auto=compress&fit=crop","price":"9.99","pricePer":"$0.31 / oz","purchaseUnit":"32 oz"},{"mainCategory":"Prepared","categoryName":"Healthy Food Inc. Kitchen","subCategoryName":"Side Dishes","title":"Potatoes & Herb Butter","producer":"Healthy Food Inc. Kitchen","photoPath":"https://goodeggs4.imgix.net/2db3dec0-81f7-11eb-9783-f3d67f42bb6b?w=380&h=238&fm=jpg&auto=compress&fit=crop","price":"5.99","pricePer":"$0.37 / oz","purchaseUnit":"16 oz"},{"mainCategory":"Prepared","categoryName":"Healthy Food Inc. Kitchen","subCategoryName":"Side Dishes","title":"Steamed Potatoes","producer":"Healthy Food Inc. Kitchen","photoPath":"https://goodeggs4.imgix.net/7cec41df-bd4e-4947-b123-68714c698dc6.jpg?w=380&h=238&fm=jpg&auto=compress&fit=crop","price":"5.99","pricePer":"$0.43 / oz","purchaseUnit":"14 oz"},{"mainCategory":"Prepared","categoryName":"Healthy Food Inc. Kitchen","subCategoryName":"Side Dishes","title":"Roasted Spring Vegetable Medley","producer":"Healthy Food Inc. Kitchen","photoPath":"https://goodeggs4.imgix.net/5e874ca4-684d-4d62-8ac8-1c46d20d63f9.jpg?w=380&h=238&fm=jpg&auto=compress&fit=crop","price":"11.99","pricePer":"$0.99 / oz","purchaseUnit":"12 oz"},{"mainCategory":"Prepared","categoryName":"Healthy Food Inc. Kitchen","subCategoryName":"Side Dishes","title":"Asparagus Salad with Eggs & Lemon Vinaigrette","producer":"Healthy Food Inc. Kitchen","photoPath":"https://goodeggs4.imgix.net/692bc9f3-f9b6-4511-97ed-18c421b76581.jpg?w=380&h=238&fm=jpg&auto=compress&fit=crop","price":"22.99","pricePer":"$22.99 / lb","purchaseUnit":"16 oz"},{"mainCategory":"Prepared","categoryName":"Healthy Food Inc. Kitchen","subCategoryName":"Side Dishes","title":"Rosemary and Garlic Roasted Potatoes","producer":"Healthy Food Inc. Kitchen","photoPath":"https://goodeggs4.imgix.net/ed07e865-233d-4ff7-9e0a-10b3480b2e72.jpg?w=380&h=238&fm=jpg&auto=compress&fit=crop","price":"6.99","pricePer":"$0.44 / oz","purchaseUnit":"16 oz"},{"mainCategory":"Prepared","categoryName":"Healthy Food Inc. Kitchen","subCategoryName":"Side Dishes","title":"Rosemary and Garlic Roasted Potatoes","producer":"Healthy Food Inc. Kitchen","photoPath":"https://goodeggs4.imgix.net/dc7d0b64-3869-4bfc-b53b-9d04b227747d.jpg?w=380&h=238&fm=jpg&auto=compress&fit=crop","price":"10.99","pricePer":"$0.34 / oz","purchaseUnit":"32 oz"},{"mainCategory":"Prepared","categoryName":"Healthy Food Inc. Kitchen","subCategoryName":"Side Dishes","title":"Asparagus Salad with Eggs & Lemon Vinaigrette","producer":"Healthy Food Inc. Kitchen","photoPath":"https://goodeggs4.imgix.net/692bc9f3-f9b6-4511-97ed-18c421b76581.jpg?w=380&h=238&fm=jpg&auto=compress&fit=crop","price":"34.99","pricePer":"$17.49 / lb","purchaseUnit":"32 oz"},{"mainCategory":"Prepared","categoryName":"Healthy Food Inc. Kitchen","subCategoryName":"Side Dishes","title":"Asparagus & Herb Butter","producer":"Healthy Food Inc. Kitchen","photoPath":"https://goodeggs4.imgix.net/3071ed50-81f7-11eb-9783-f3d67f42bb6b?w=380&h=238&fm=jpg&auto=compress&fit=crop","price":"9.99","pricePer":"$0.62 / oz","purchaseUnit":"16 oz"},{"mainCategory":"Prepared","categoryName":"Healthy Food Inc. Kitchen","subCategoryName":"Pasta, Grains & Beans","title":"Heirloom Bean Dip","producer":"Healthy Food Inc. Kitchen","photoPath":"https://goodeggs4.imgix.net/63dba0d6-2df4-4ad5-9c0d-3acc33976d87.jpg?w=380&h=238&fm=jpg&auto=compress&fit=crop","price":"5.99","pricePer":"$0.59 / oz","purchaseUnit":"10 oz"},{"mainCategory":"Prepared","categoryName":"Healthy Food Inc. Kitchen","subCategoryName":"Pasta, Grains & Beans","title":"Cooked Farro","producer":"Healthy Food Inc. Kitchen","photoPath":"https://goodeggs4.imgix.net/db9def2f-7430-4d65-b65b-5ea36de17389.jpg?w=380&h=238&fm=jpg&auto=compress&fit=crop","price":"4.99","pricePer":"$0.49 / oz","purchaseUnit":"10 oz"},{"mainCategory":"Prepared","categoryName":"Healthy Food Inc. Kitchen","subCategoryName":"Pasta, Grains & Beans","title":"Black Beans","producer":"Healthy Food Inc. Kitchen","photoPath":"https://goodeggs4.imgix.net/81004744-1226-411f-a2b5-3a1f32c12812.jpg?w=380&h=238&fm=jpg&auto=compress&fit=crop","price":"4.99","pricePer":"$0.49 / oz","purchaseUnit":"10 oz"},{"mainCategory":"Prepared","categoryName":"Healthy Food Inc. Kitchen","subCategoryName":"Pasta, Grains & Beans","title":"Cooked Brown Rice","producer":"Healthy Food Inc. Kitchen","photoPath":"https://goodeggs4.imgix.net/6ef1f46b-381c-445b-938c-a09ba05e37db.jpg?w=380&h=238&fm=jpg&auto=compress&fit=crop","price":"4.99","pricePer":"$5.70 / lb","purchaseUnit":"14 oz"},{"mainCategory":"Prepared","categoryName":"Healthy Food Inc. Kitchen","subCategoryName":"Pasta, Grains & Beans","title":"Cooked Quinoa","producer":"Healthy Food Inc. Kitchen","photoPath":"https://goodeggs4.imgix.net/0430daae-94ec-4021-a979-13b8d0f2f5c3.jpg?w=380&h=238&fm=jpg&auto=compress&fit=crop","price":"4.99","pricePer":"$0.36 / oz","purchaseUnit":"14 oz"},{"mainCategory":"Prepared","categoryName":"Healthy Food Inc. Kitchen","subCategoryName":"Pasta, Grains & Beans","title":"Cooked White Rice","producer":"Healthy Food Inc. Kitchen","photoPath":"https://goodeggs4.imgix.net/c16d0c18-e8ba-4153-9b2f-82500669efb7.jpg?w=380&h=238&fm=jpg&auto=compress&fit=crop","price":"4.99","pricePer":"$5.70 / lb","purchaseUnit":"14 oz"},{"mainCategory":"Prepared","categoryName":"Healthy Food Inc. Kitchen","subCategoryName":"Pasta, Grains & Beans","title":"Cooked Wild Rice","producer":"Healthy Food Inc. Kitchen","photoPath":"https://goodeggs4.imgix.net/e4c49047-a19a-49d2-a61e-c42fc44a7e33.jpg?w=380&h=238&fm=jpg&auto=compress&fit=crop","price":"5.99","pricePer":"$0.66 / oz","purchaseUnit":"9 oz"},{"mainCategory":"Prepared","categoryName":"Healthy Food Inc. Kitchen","subCategoryName":"Pasta, Grains & Beans","title":"Cooked Israeli Couscous","producer":"Healthy Food Inc. Kitchen","photoPath":"https://goodeggs4.imgix.net/366b6ca8-ed1f-4f0b-b7a8-a3823aafeae0.jpg?w=380&h=238&fm=jpg&auto=compress&fit=crop","price":"4.99","pricePer":"$7.25 / lb","purchaseUnit":"11 oz"},{"mainCategory":"Prepared","categoryName":"Healthy Food Inc. Kitchen","subCategoryName":"Pasta, Grains & Beans","title":"Dried Couscous","producer":"Healthy Food Inc. Kitchen","photoPath":"https://goodeggs4.imgix.net/8e6331ad-e045-479d-ae69-dec80a756d8c.jpg?w=380&h=238&fm=jpg&auto=compress&fit=crop","price":"3.99","pricePer":"$9.12 / lb","purchaseUnit":"7 oz"},{"mainCategory":"Prepared","categoryName":"Healthy Food Inc. Kitchen","subCategoryName":"Pasta, Grains & Beans","title":"Veggie Meatball Mix","producer":"Healthy Food Inc. Kitchen","photoPath":"https://goodeggs4.imgix.net/082660a0-95ee-4930-9331-59e10a2c1b71.jpg?w=380&h=238&fm=jpg&auto=compress&fit=crop","price":"7.99","pricePer":"$7.99 / lb","purchaseUnit":"1 lb"},{"mainCategory":"Prepared","categoryName":"Healthy Food Inc. Kitchen","subCategoryName":"Pasta, Grains & Beans","title":"Cooked Durum Wheat Pasta","producer":"Healthy Food Inc. Kitchen","photoPath":"https://goodeggs4.imgix.net/e585a520-bd3d-4ebc-a272-0a46c82d6f21.jpg?w=380&h=238&fm=jpg&auto=compress&fit=crop","price":"5.99","pricePer":"$0.33 / oz","purchaseUnit":"18 oz"},{"mainCategory":"Prepared","categoryName":"Healthy Food Inc. Kitchen","subCategoryName":"Salad Dressing & Toppings","title":"Meyer Lemon Vinaigrette","producer":"Healthy Food Inc. Kitchen","photoPath":"https://goodeggs4.imgix.net/cc9822a2-ec8d-4639-9194-968629ec3e22.jpg?w=380&h=238&fm=jpg&auto=compress&fit=crop","price":"7.99","pricePer":"$0.69 / oz","purchaseUnit":"11.5 oz"},{"mainCategory":"Prepared","categoryName":"Healthy Food Inc. Kitchen","subCategoryName":"Salad Dressing & Toppings","title":"Caesar Dressing","producer":"Healthy Food Inc. Kitchen","photoPath":"https://goodeggs4.imgix.net/8474402d-1336-4d29-98d1-9365eb543ffd.jpg?w=380&h=238&fm=jpg&auto=compress&fit=crop","price":"3.99","pricePer":"$0.99 / oz","purchaseUnit":"4 oz"},{"mainCategory":"Prepared","categoryName":"Healthy Food Inc. Kitchen","subCategoryName":"Salad Dressing & Toppings","title":"Tahini Dressing","producer":"Healthy Food Inc. Kitchen","photoPath":"https://goodeggs4.imgix.net/5f18e53d-d914-4e70-a19b-208d63347857.jpg?w=380&h=238&fm=jpg&auto=compress&fit=crop","price":"4.99","pricePer":"$0.99 / oz","purchaseUnit":"5 oz"},{"mainCategory":"Prepared","categoryName":"Healthy Food Inc. Kitchen","subCategoryName":"Salad Dressing & Toppings","title":"Yogurt Ranch","producer":"Healthy Food Inc. Kitchen","photoPath":"https://goodeggs4.imgix.net/2977ef8d-8189-4433-a357-a427bf35bc39.jpg?w=380&h=238&fm=jpg&auto=compress&fit=crop","price":"4.99","pricePer":"$0.99 / oz","purchaseUnit":"5 oz"},{"mainCategory":"Prepared","categoryName":"Healthy Food Inc. Kitchen","subCategoryName":"Salad Dressing & Toppings","title":"Green Goddess Dressing","producer":"Healthy Food Inc. Kitchen","photoPath":"https://goodeggs4.imgix.net/087a85f6-bfb6-4e44-b7e6-6f860d7d19d3.jpg?w=380&h=238&fm=jpg&auto=compress&fit=crop","price":"5.99","pricePer":"$1.19 / oz","purchaseUnit":"5 oz"},{"mainCategory":"Prepared","categoryName":"Healthy Food Inc. Kitchen","subCategoryName":"Salad Dressing & Toppings","title":"Green Goddess Dressing","producer":"Healthy Food Inc. Kitchen","photoPath":"https://goodeggs4.imgix.net/dde72c38-fcba-4efd-9cbe-b6740f5d9069.jpg?w=380&h=238&fm=jpg&auto=compress&fit=crop","price":"7.99","pricePer":"$0.69 / oz","purchaseUnit":"11.5 oz"},{"mainCategory":"Prepared","categoryName":"Healthy Food Inc. Kitchen","subCategoryName":"Salad Dressing & Toppings","title":"Roasted Scallion Vinaigrette","producer":"Healthy Food Inc. Kitchen","photoPath":"https://goodeggs4.imgix.net/cace51db-b04c-4c93-9b8c-741aa419dbfe.jpg?w=380&h=238&fm=jpg&auto=compress&fit=crop","price":"4.49","pricePer":"$0.74 / oz","purchaseUnit":"6 oz"},{"mainCategory":"Prepared","categoryName":"Healthy Food Inc. Kitchen","subCategoryName":"Salad Dressing & Toppings","title":"Cilantro Lime Dressing","producer":"Healthy Food Inc. Kitchen","photoPath":"https://goodeggs4.imgix.net/4ab6c63b-ad38-423e-9f93-0e90f6eb0aca.jpg?w=380&h=238&fm=jpg&auto=compress&fit=crop","price":"7.99","pricePer":"$0.69 / oz","purchaseUnit":"11.5 oz"},{"mainCategory":"Prepared","categoryName":"Healthy Food Inc. Kitchen","subCategoryName":"Salad Dressing & Toppings","title":"Toasted Seeds","producer":"Healthy Food Inc. Kitchen","photoPath":"https://goodeggs4.imgix.net/94885358-2c9b-45d3-958f-46a3ca686f5a.jpg?w=380&h=238&fm=jpg&auto=compress&fit=crop","price":"4.99","pricePer":"$3.32 / oz","purchaseUnit":"1.5 oz"},{"mainCategory":"Prepared","categoryName":"Healthy Food Inc. Kitchen","subCategoryName":"Salad Dressing & Toppings","title":"Meyer Lemon Vinaigrette","producer":"Healthy Food Inc. Kitchen","photoPath":"https://goodeggs4.imgix.net/6e68c5b0-880b-11eb-8994-e1a9d560c915?w=380&h=238&fm=jpg&auto=compress&fit=crop","price":"4.49","pricePer":"$0.74 / oz","purchaseUnit":"6 oz"},{"mainCategory":"Prepared","categoryName":"Healthy Food Inc. Kitchen","subCategoryName":"Salad Dressing & Toppings","title":"Soy-Ginger Dressing","producer":"Healthy Food Inc. Kitchen","photoPath":"https://goodeggs4.imgix.net/7b4086a0-8811-11eb-a49c-035b9bcc7078?w=380&h=238&fm=jpg&auto=compress&fit=crop","price":"4.49","pricePer":"$0.74 / oz","purchaseUnit":"6 oz"},{"mainCategory":"Prepared","categoryName":"Healthy Food Inc. Kitchen","subCategoryName":"Salad Dressing & Toppings","title":"Red Wine Vinaigrette","producer":"Healthy Food Inc. Kitchen","photoPath":"https://goodeggs4.imgix.net/33cbd4f0-8811-11eb-9180-134c133f9914?w=380&h=238&fm=jpg&auto=compress&fit=crop","price":"4.49","pricePer":"$0.74 / oz","purchaseUnit":"6 oz"},{"mainCategory":"Prepared","categoryName":"Healthy Food Inc. Kitchen","subCategoryName":"Salad Dressing & Toppings","title":"Apple Cider Vinaigrette","producer":"Healthy Food Inc. Kitchen","photoPath":"https://goodeggs4.imgix.net/31ce3130-8806-11eb-a74a-432eca49252a?w=380&h=238&fm=jpg&auto=compress&fit=crop","price":"4.49","pricePer":"$0.74 / oz","purchaseUnit":"6 oz"},{"mainCategory":"Prepared","categoryName":"Healthy Food Inc. Kitchen","subCategoryName":"Salad Dressing & Toppings","title":"Balsamic Vinaigrette","producer":"Healthy Food Inc. Kitchen","photoPath":"https://goodeggs4.imgix.net/c9d75360-8808-11eb-8994-e1a9d560c915?w=380&h=238&fm=jpg&auto=compress&fit=crop","price":"4.49","pricePer":"$0.74 / oz","purchaseUnit":"6 oz"},{"mainCategory":"Prepared","categoryName":"Healthy Food Inc. Kitchen","subCategoryName":"Salad Dressing & Toppings","title":"Cilantro Lime Dressing","producer":"Healthy Food Inc. Kitchen","photoPath":"https://goodeggs4.imgix.net/02df0480-880b-11eb-a49c-035b9bcc7078?w=380&h=238&fm=jpg&auto=compress&fit=crop","price":"4.49","pricePer":"$0.74 / oz","purchaseUnit":"6 oz"},{"mainCategory":"Prepared","categoryName":"Healthy Food Inc. Kitchen","subCategoryName":"Salad Dressing & Toppings","title":"Vegan Caesar Dressing","producer":"Healthy Food Inc. Kitchen","photoPath":"https://goodeggs4.imgix.net/7d4f5348-b837-4782-9b8a-ba01128fd14e.jpg?w=380&h=238&fm=jpg&auto=compress&fit=crop","price":"3.99","pricePer":"$0.79 / oz","purchaseUnit":"5 oz"},{"mainCategory":"Prepared","categoryName":"Healthy Food Inc. Kitchen","subCategoryName":"Salad Dressing & Toppings","title":"Blue Cheese Crumbles","producer":"Healthy Food Inc. Kitchen","photoPath":"https://goodeggs4.imgix.net/f8d4dfa4-2e6d-4f55-a228-da7cdda3ff39.jpg?w=380&h=238&fm=jpg&auto=compress&fit=crop","price":"4.99","pricePer":"$1.99 / oz","purchaseUnit":"2.5 oz"},{"mainCategory":"Prepared","categoryName":"Healthy Food Inc. Kitchen","subCategoryName":"Sauces & Condiments","title":"Pistachio Pesto","producer":"Healthy Food Inc. Kitchen","photoPath":"https://goodeggs4.imgix.net/60fd17b6-362c-4e01-99aa-c64598955e40.jpg?w=380&h=238&fm=jpg&auto=compress&fit=crop","price":"4.99","pricePer":"$0.99 / oz","purchaseUnit":"5 oz"},{"mainCategory":"Prepared","categoryName":"Healthy Food Inc. Kitchen","subCategoryName":"Sauces & Condiments","title":"Avocado Lime Crema","producer":"Healthy Food Inc. Kitchen","photoPath":"https://goodeggs4.imgix.net/7563d3cd-d343-42d6-b750-d799d443e281.jpg?w=380&h=238&fm=jpg&auto=compress&fit=crop","price":"4.99","pricePer":"$0.99 / oz","purchaseUnit":"5 oz"},{"mainCategory":"Prepared","categoryName":"Healthy Food Inc. Kitchen","subCategoryName":"Sauces & Condiments","title":"Garlic Yogurt Sauce","producer":"Healthy Food Inc. Kitchen","photoPath":"https://goodeggs4.imgix.net/6e65dc29-ec6d-4167-9908-d8c26d88c315.jpg?w=380&h=238&fm=jpg&auto=compress&fit=crop","price":"4.99","pricePer":"$0.99 / oz","purchaseUnit":"5 oz"},{"mainCategory":"Prepared","categoryName":"Healthy Food Inc. Kitchen","subCategoryName":"Sauces & Condiments","title":"Aji Verde Sauce","producer":"Healthy Food Inc. Kitchen","photoPath":"https://goodeggs4.imgix.net/771e26df-aae7-4d69-b8bc-81b712ea0371.jpg?w=380&h=238&fm=jpg&auto=compress&fit=crop","price":"4.99","pricePer":"$0.99 / oz","purchaseUnit":"5 oz"},{"mainCategory":"Prepared","categoryName":"Healthy Food Inc. Kitchen","subCategoryName":"Sauces & Condiments","title":"Chimichurri Sauce","producer":"Healthy Food Inc. Kitchen","photoPath":"https://goodeggs4.imgix.net/59d3de0b-76a7-4609-9874-4c305be525c8.jpg?w=380&h=238&fm=jpg&auto=compress&fit=crop","price":"4.99","pricePer":"$0.99 / oz","purchaseUnit":"5 oz"},{"mainCategory":"Prepared","categoryName":"Healthy Food Inc. Kitchen","subCategoryName":"Sauces & Condiments","title":"Enchilada Sauce","producer":"Healthy Food Inc. Kitchen","photoPath":"https://goodeggs4.imgix.net/9da93171-4aa9-4286-b2fe-ce53c475d5d3.jpg?w=380&h=238&fm=jpg&auto=compress&fit=crop","price":"4.99","pricePer":"$0.36 / oz","purchaseUnit":"14 oz"},{"mainCategory":"Prepared","categoryName":"Healthy Food Inc. Kitchen","subCategoryName":"Sauces & Condiments","title":"Buffalo Sauce","producer":"Healthy Food Inc. Kitchen","photoPath":"https://goodeggs4.imgix.net/8de1e5e0-6bbc-4185-a66f-8875ef46665c.jpg?w=380&h=238&fm=jpg&auto=compress&fit=crop","price":"6.99","pricePer":"$0.58 / oz","purchaseUnit":"12 oz"},{"mainCategory":"Prepared","categoryName":"Healthy Food Inc. Kitchen","subCategoryName":"Sauces & Condiments","title":"Lemongrass Glaze","producer":"Healthy Food Inc. Kitchen","photoPath":"https://goodeggs4.imgix.net/6357ae07-2e7a-4885-a53a-e54e3bc7a504.jpg?w=380&h=238&fm=jpg&auto=compress&fit=crop","price":"3.99","pricePer":"$1.33 / oz","purchaseUnit":"3 oz"},{"mainCategory":"Prepared","categoryName":"Healthy Food Inc. Kitchen","subCategoryName":"Sauces & Condiments","title":"Stir Fry Sauce","producer":"Healthy Food Inc. Kitchen","photoPath":"https://goodeggs4.imgix.net/22306953-b1bc-43af-a17a-4b3a5be3c5eb.jpg?w=380&h=238&fm=jpg&auto=compress&fit=crop","price":"4.99","pricePer":null,"purchaseUnit":"5 oz"},{"mainCategory":"Prepared","categoryName":"Healthy Food Inc. Kitchen","subCategoryName":"Sauces & Condiments","title":"Herb Butter","producer":"Healthy Food Inc. Kitchen","photoPath":"https://goodeggs4.imgix.net/4bb42b1c-5eb9-45c1-8045-2048b1596f86.jpg?w=380&h=238&fm=jpg&auto=compress&fit=crop","price":"4.99","pricePer":"$1.99 / oz","purchaseUnit":"2.5 oz"},{"mainCategory":"Prepared","categoryName":"Healthy Food Inc. Kitchen","subCategoryName":"Sauces & Condiments","title":"Calabrian Chile Butter","producer":"Healthy Food Inc. Kitchen","photoPath":"https://goodeggs4.imgix.net/29a7b369-a26f-4eff-a159-0349852817b7.jpg?w=380&h=238&fm=jpg&auto=compress&fit=crop","price":"4.99","pricePer":"$1.99 / oz","purchaseUnit":"2.5 oz"},{"mainCategory":"Prepared","categoryName":"Healthy Food Inc. Kitchen","subCategoryName":"Sauces & Condiments","title":"Black Bean Sauce","producer":"Healthy Food Inc. Kitchen","photoPath":"https://goodeggs4.imgix.net/b59cfbe7-84ff-4e43-bd12-58d20f844e6c.jpg?w=380&h=238&fm=jpg&auto=compress&fit=crop","price":"4.99","pricePer":"$0.99 / oz","purchaseUnit":"5 oz"},{"mainCategory":"Prepared","categoryName":"Healthy Food Inc. Kitchen","subCategoryName":"Sauces & Condiments","title":"Teriyaki Sauce","producer":"Healthy Food Inc. Kitchen","photoPath":"https://goodeggs4.imgix.net/542e60c7-f2ef-4cb9-9386-47180489e530.jpg?w=380&h=238&fm=jpg&auto=compress&fit=crop","price":"5.99","pricePer":"$0.59 / oz","purchaseUnit":"10 oz"},{"mainCategory":"Prepared","categoryName":"Healthy Food Inc. Kitchen","subCategoryName":"Sauces & Condiments","title":"Sesame Noodle Sauce","producer":"Healthy Food Inc. Kitchen","photoPath":"https://goodeggs4.imgix.net/332dd04c-6a70-481c-b5a1-b0969d58c2df.jpg?w=380&h=238&fm=jpg&auto=compress&fit=crop","price":"4.99","pricePer":"$1.24 / oz","purchaseUnit":"4 oz"},{"mainCategory":"Prepared","categoryName":"Healthy Food Inc. Kitchen","subCategoryName":"Sauces & Condiments","title":"Filipino Adobo Marinade","producer":"Healthy Food Inc. Kitchen","photoPath":"https://goodeggs4.imgix.net/2e279e11-9f3a-44bd-a2eb-a84a085e0d87.jpg?w=380&h=238&fm=jpg&auto=compress&fit=crop","price":"4.99","pricePer":"$0.62 / oz","purchaseUnit":"8 oz"},{"mainCategory":"Prepared","categoryName":"Healthy Food Inc. Kitchen","subCategoryName":"Sauces & Condiments","title":"Green Curry Simmer Sauce","producer":"Healthy Food Inc. Kitchen","photoPath":"https://goodeggs4.imgix.net/1b0d480f-1e07-41ef-ac96-dde969765957.jpg?w=380&h=238&fm=jpg&auto=compress&fit=crop","price":"9.99","pricePer":"$0.62 / oz","purchaseUnit":"16 oz"},{"mainCategory":"Prepared","categoryName":"Healthy Food Inc. Kitchen","subCategoryName":"Sauces & Condiments","title":"Mascarpone Dip","producer":"Healthy Food Inc. Kitchen","photoPath":"https://goodeggs4.imgix.net/e3f84076-10c7-4572-a59b-72f1a58be414.jpg?w=380&h=238&fm=jpg&auto=compress&fit=crop","price":"7.99","pricePer":"$0.99 / oz","purchaseUnit":"8 oz"},{"mainCategory":"Prepared","categoryName":"Healthy Food Inc. Kitchen","subCategoryName":"Sauces & Condiments","title":"Cheese Sauce","producer":"Healthy Food Inc. Kitchen","photoPath":"https://goodeggs4.imgix.net/4042988d-fb7e-4882-bca4-c206999753bb.jpg?w=380&h=238&fm=jpg&auto=compress&fit=crop","price":"6.99","pricePer":"$0.44 / oz","purchaseUnit":"16 oz"},{"mainCategory":"Prepared","categoryName":"Healthy Food Inc. Kitchen","subCategoryName":"Sauces & Condiments","title":"Housemade Whole Grain Mustard","producer":"Healthy Food Inc. Kitchen","photoPath":"https://goodeggs4.imgix.net/ffb65492-2009-465e-b8b0-df8477be811b.jpg?w=380&h=238&fm=jpg&auto=compress&fit=crop","price":"3.99","pricePer":"$1.33 / oz","purchaseUnit":"3 oz"},{"mainCategory":"Prepared","categoryName":"Healthy Food Inc. Kitchen","subCategoryName":"Sauces & Condiments","title":"Housemade Whole Grain Mustard","producer":"Healthy Food Inc. Kitchen","photoPath":"https://goodeggs4.imgix.net/9dfaa510-a2bb-4037-b8c7-820b43fd3aa6.jpg?w=380&h=238&fm=jpg&auto=compress&fit=crop","price":"5.99","pricePer":"$0.85 / oz","purchaseUnit":"7 oz"},{"mainCategory":"Prepared","categoryName":"Healthy Food Inc. Kitchen","subCategoryName":"Sauces & Condiments","title":"Green Garlic Aioli","producer":"Healthy Food Inc. Kitchen","photoPath":"https://goodeggs4.imgix.net/7dd68ca6-3182-40bb-8f52-d6e13f8e0f35.jpg?w=380&h=238&fm=jpg&auto=compress&fit=crop","price":"3.99","pricePer":"$0.99 / oz","purchaseUnit":"4 oz"},{"mainCategory":"Prepared","categoryName":"Healthy Food Inc. Kitchen","subCategoryName":"Sauces & Condiments","title":"Green Harissa","producer":"Healthy Food Inc. Kitchen","photoPath":"https://goodeggs4.imgix.net/57a2db34-a3bc-475e-8e64-bbfed2c2eae7.jpg?w=380&h=238&fm=jpg&auto=compress&fit=crop","price":"4.99","pricePer":"$0.99 / oz","purchaseUnit":"5 oz"},{"mainCategory":"Prepared","categoryName":"Healthy Food Inc. Kitchen","subCategoryName":"Sauces & Condiments","title":"Special Sauce","producer":"Healthy Food Inc. Kitchen","photoPath":"https://goodeggs4.imgix.net/57454829-142f-48e4-b5e7-0488b917fc4c.jpg?w=380&h=238&fm=jpg&auto=compress&fit=crop","price":"4.99","pricePer":"$0.62 / oz","purchaseUnit":"8 oz"},{"mainCategory":"Prepared","categoryName":"Healthy Food Inc. Kitchen","subCategoryName":"Sauces & Condiments","title":"BBQ Sauce","producer":"Healthy Food Inc. Kitchen","photoPath":"https://goodeggs4.imgix.net/0ea05f9c-495f-491d-b6e2-85c0d3f40879.jpg?w=380&h=238&fm=jpg&auto=compress&fit=crop","price":"4.99","pricePer":"$0.71 / oz","purchaseUnit":"7 oz"},{"mainCategory":"Prepared","categoryName":"Healthy Food Inc. Kitchen","subCategoryName":"Sauces & Condiments","title":"Vegan Miso Mayo","producer":"Healthy Food Inc. Kitchen","photoPath":"https://goodeggs4.imgix.net/2c57701e-fc35-426f-a0e6-cfecb9eca2c0.jpg?w=380&h=238&fm=jpg&auto=compress&fit=crop","price":"4.99","pricePer":"$0.99 / oz","purchaseUnit":"5 oz"},{"mainCategory":"Prepared","categoryName":"Healthy Food Inc. Kitchen","subCategoryName":"Sauces & Condiments","title":"Chili Simmer Sauce","producer":"Healthy Food Inc. Kitchen","photoPath":"https://goodeggs4.imgix.net/7742cca5-a069-4133-b6be-21845a81f673.jpg?w=380&h=238&fm=jpg&auto=compress&fit=crop","price":"7.99","pricePer":"$0.40 / oz","purchaseUnit":"20 oz"},{"mainCategory":"Prepared","categoryName":"Healthy Food Inc. Kitchen","subCategoryName":"Sauces & Condiments","title":"Scallion Ginger Sauce","producer":"Healthy Food Inc. Kitchen","photoPath":"https://goodeggs4.imgix.net/e317e521-4e6b-47f4-8723-f9b50c8050bc.jpg?w=380&h=238&fm=jpg&auto=compress&fit=crop","price":"4.49","pricePer":"$0.74 / oz","purchaseUnit":"6 oz"},{"mainCategory":"Prepared","categoryName":"Healthy Food Inc. Kitchen","subCategoryName":"Cooked Fish & Seafood","title":"Miso Roasted Salmon","producer":"Healthy Food Inc. Kitchen","photoPath":"https://goodeggs4.imgix.net/beba8691-6a58-4119-818a-415a8ca4de10.jpg?w=380&h=238&fm=jpg&auto=compress&fit=crop","price":"19.99","pricePer":"$26.65 / lb","purchaseUnit":"12 oz"},{"mainCategory":"Prepared","categoryName":"Healthy Food Inc. Kitchen","subCategoryName":"Marinated Meat","title":"Marinated Korean BBQ Chicken Thighs","producer":"Healthy Food Inc. Kitchen","photoPath":"https://goodeggs4.imgix.net/3b77fda4-c130-4b20-9788-b61eb000fd6d.jpg?w=380&h=238&fm=jpg&auto=compress&fit=crop","price":"9.99","pricePer":"$9.99 / lb","purchaseUnit":"1 lb"},{"mainCategory":"Prepared","categoryName":"Healthy Food Inc. Kitchen","subCategoryName":"Marinated Meat","title":"Garlic-Herb Marinated Chicken Thighs","producer":"Healthy Food Inc. Kitchen","photoPath":"https://goodeggs4.imgix.net/f8d5eb04-d1ce-49a2-bc68-214f9dc0afe1.jpg?w=380&h=238&fm=jpg&auto=compress&fit=crop","price":"8.99","pricePer":"$10.27 / lb","purchaseUnit":"0.875 lb"},{"mainCategory":"Prepared","categoryName":"Healthy Food Inc. Kitchen","subCategoryName":"Marinated Meat","title":"Achiote Marinated Chicken Breast","producer":"Healthy Food Inc. Kitchen","photoPath":"https://goodeggs4.imgix.net/01fa5aee-f311-435c-b27d-f5484448a43a.jpg?w=380&h=238&fm=jpg&auto=compress&fit=crop","price":"10.99","pricePer":"$10.99 / lb","purchaseUnit":"1 lb"},{"mainCategory":"Prepared","categoryName":"Healthy Food Inc. Kitchen","subCategoryName":"Marinated Meat","title":"Lemon Herb Marinated Chicken Breast","producer":"Healthy Food Inc. Kitchen","photoPath":"https://goodeggs4.imgix.net/da58a278-3603-486d-a518-980f925f2790.jpg?w=380&h=238&fm=jpg&auto=compress&fit=crop","price":"10.99","pricePer":"$10.99 / lb","purchaseUnit":"1 lb"},{"mainCategory":"Prepared","categoryName":"Healthy Food Inc. Kitchen","subCategoryName":"Marinated Meat","title":"Lemon & Turmeric Marinated Chicken Breast","producer":"Healthy Food Inc. Kitchen","photoPath":"https://goodeggs4.imgix.net/d7501b8b-5176-4029-a1ad-6baa4df9dc1e.jpg?w=380&h=238&fm=jpg&auto=compress&fit=crop","price":"10.99","pricePer":null,"purchaseUnit":"16 oz"},{"mainCategory":"Prepared","categoryName":"Healthy Food Inc. Kitchen","subCategoryName":"Marinated Meat","title":"BBQ Marinated Chicken Breast","producer":"Healthy Food Inc. Kitchen","photoPath":"https://goodeggs4.imgix.net/8d90714f-c879-411e-acc5-cea0b3100fd2.jpg?w=380&h=238&fm=jpg&auto=compress&fit=crop","price":"8.99","pricePer":"$11.98 / lb","purchaseUnit":"0.75 lb"},{"mainCategory":"Prepared","categoryName":"Healthy Food Inc. Kitchen","subCategoryName":"Marinated Meat","title":"Turmeric Yogurt Chicken Kebab (Frozen)","producer":"Healthy Food Inc. Kitchen","photoPath":"https://goodeggs4.imgix.net/406b5767-3f10-477a-bf70-ce16e0e63989.jpg?w=380&h=238&fm=jpg&auto=compress&fit=crop","price":"10.99","pricePer":"$0.91 / oz","purchaseUnit":"12 oz"},{"mainCategory":"Prepared","categoryName":"Healthy Food Inc. Kitchen","subCategoryName":"Marinated Meat","title":"Chimichurri Chicken Kebab (Frozen)","producer":"Healthy Food Inc. Kitchen","photoPath":"https://goodeggs4.imgix.net/0f6186aa-1948-4f10-ac8b-a2c5e8c6139e.jpg?w=380&h=238&fm=jpg&auto=compress&fit=crop","price":"10.99","pricePer":"$0.91 / oz","purchaseUnit":"12 oz"},{"mainCategory":"Prepared","categoryName":"Healthy Food Inc. Kitchen","subCategoryName":"Marinated Meat","title":"Herb Garlic Beef Kebab","producer":"Healthy Food Inc. Kitchen","photoPath":"https://goodeggs4.imgix.net/b5b160ac-8b72-4071-b280-e46a7d68dbc6.jpg?w=380&h=238&fm=jpg&auto=compress&fit=crop","price":"12.99","pricePer":"$0.81 / oz","purchaseUnit":"16 oz"},{"mainCategory":"Prepared","categoryName":"Healthy Food Inc. Kitchen","subCategoryName":"Marinated Meat","title":"Korean BBQ Beef","producer":"Healthy Food Inc. Kitchen","photoPath":"https://goodeggs4.imgix.net/ad2573fc-fe2c-4177-98c5-b4ba94ecd05e.jpg?w=380&h=238&fm=jpg&auto=compress&fit=crop","price":"12.99","pricePer":"$0.81 / oz","purchaseUnit":"16 oz"},{"mainCategory":"Prepared","categoryName":"Healthy Food Inc. Kitchen","subCategoryName":"Marinated Meat","title":"Turkish Marinated Beef Kebabs","producer":"Healthy Food Inc. Kitchen","photoPath":"https://goodeggs4.imgix.net/0387ebba-747e-4d75-99cd-bb8228fc4ff8.jpg?w=380&h=238&fm=jpg&auto=compress&fit=crop","price":"12.99","pricePer":"$12.99 / lb","purchaseUnit":"1 lb"},{"mainCategory":"Prepared","categoryName":"Healthy Food Inc. Kitchen","subCategoryName":"Marinated Meat","title":"BBQ Marinated Chicken Pieces","producer":"Healthy Food Inc. Kitchen","photoPath":"https://goodeggs4.imgix.net/1ee49763-ad84-4b8c-b4e7-aed7c2b417a6.jpg?w=380&h=238&fm=jpg&auto=compress&fit=crop","price":"11.99","pricePer":"$5.99 / lb","purchaseUnit":"2 lb"},{"mainCategory":"Prepared","categoryName":"Healthy Food Inc. Kitchen","subCategoryName":"Marinated Meat","title":"BBQ Marinated Chicken Drumsticks","producer":"Healthy Food Inc. Kitchen","photoPath":"https://goodeggs4.imgix.net/afe1cef4-cdfa-44a3-9e21-e23cfa4f4283.jpg?w=380&h=238&fm=jpg&auto=compress&fit=crop","price":"12.99","pricePer":null,"purchaseUnit":"30 oz"},{"mainCategory":"Prepared","categoryName":"Healthy Food Inc. Kitchen","subCategoryName":"Marinated Meat","title":"Jerk Chicken Drumsticks","producer":"Healthy Food Inc. Kitchen","photoPath":"https://goodeggs4.imgix.net/742c0dd3-bd93-4a5a-bbdd-3f2cc3b4f364.jpg?w=380&h=238&fm=jpg&auto=compress&fit=crop","price":"10.99","pricePer":"$5.49 / lb","purchaseUnit":"32 oz"},{"mainCategory":"Prepared","categoryName":"Healthy Food Inc. Kitchen","subCategoryName":"Marinated Meat","title":"Grass-Fed Spiced Ground Lamb (Frozen)","producer":"Healthy Food Inc. Kitchen","photoPath":"https://goodeggs4.imgix.net/6b3de179-09cd-4c92-8cf3-6aa6092c7201.jpg?w=380&h=238&fm=jpg&auto=compress&fit=crop","price":"8.99","pricePer":"$17.98 / lb","purchaseUnit":"0.5 lb"},{"mainCategory":"Prepared","categoryName":"Healthy Food Inc. Kitchen","subCategoryName":"Marinated Meat","title":"BBQ Marinated Chicken Wings","producer":"Healthy Food Inc. Kitchen","photoPath":"https://goodeggs4.imgix.net/f8696a2f-d353-4faf-9a27-08ca139cf382.jpg?w=380&h=238&fm=jpg&auto=compress&fit=crop","price":"11.99","pricePer":"$5.99 / lb","purchaseUnit":"2 lb"},{"mainCategory":"Prepared","categoryName":"Healthy Food Inc. Kitchen","subCategoryName":"Marinated Meat","title":"Turmeric Yogurt Lamb Kebab","producer":"Healthy Food Inc. Kitchen","photoPath":"https://goodeggs4.imgix.net/0629ac74-8fa3-452e-904d-419f91842496.jpg?w=380&h=238&fm=jpg&auto=compress&fit=crop","price":"15.99","pricePer":"$0.99 / oz","purchaseUnit":"16 oz"},{"mainCategory":"Prepared","categoryName":"Healthy Food Inc. Kitchen","subCategoryName":"Marinated Meat","title":"Turkish Marinated Lamb Kebabs","producer":"Healthy Food Inc. Kitchen","photoPath":"https://goodeggs4.imgix.net/2b32803b-d227-4766-8ecc-425f003c0458.jpg?w=380&h=238&fm=jpg&auto=compress&fit=crop","price":"15.99","pricePer":"$15.99 / lb","purchaseUnit":"1 lb"},{"mainCategory":"Prepared","categoryName":"Healthy Food Inc. Kitchen","subCategoryName":"Marinated Meat","title":"Chimichurri Lamb Kebab","producer":"Healthy Food Inc. Kitchen","photoPath":"https://goodeggs4.imgix.net/727bd53f-95aa-4726-a7cb-005359d2a1fa.jpg?w=380&h=238&fm=jpg&auto=compress&fit=crop","price":"15.99","pricePer":"$0.99 / oz","purchaseUnit":"16 oz"},{"mainCategory":"Prepared","categoryName":"Healthy Food Inc. Kitchen","subCategoryName":"Marinated Meat","title":"Shio Koji Marinated Chicken Legs","producer":"Healthy Food Inc. Kitchen","photoPath":"https://goodeggs4.imgix.net/768e1086-a526-4e7c-9351-a2d4751ea3db.jpg?w=380&h=238&fm=jpg&auto=compress&fit=crop","price":"7.99","pricePer":"$7.99 / lb","purchaseUnit":"1 lb"},{"mainCategory":"Prepared","categoryName":"Healthy Food Inc. Kitchen","subCategoryName":"Marinated Meat","title":"BBQ Marinated Chicken Legs","producer":"Healthy Food Inc. Kitchen","photoPath":"https://goodeggs4.imgix.net/8859e81f-705b-45dd-84b7-aa9ec202a578.jpg?w=380&h=238&fm=jpg&auto=compress&fit=crop","price":"7.99","pricePer":"$7.99 / lb","purchaseUnit":"16 oz"},{"mainCategory":"Prepared","categoryName":"Healthy Food Inc. Kitchen","subCategoryName":"Marinated Meat","title":"Lime Cilantro Pork Shoulder Steak","producer":"Healthy Food Inc. Kitchen","photoPath":"https://goodeggs4.imgix.net/e202af0d-6d4f-4c04-8933-2c7756f17caa.jpg?w=380&h=238&fm=jpg&auto=compress&fit=crop","price":"17.99","pricePer":"$0.56 / oz","purchaseUnit":"32 oz"},{"mainCategory":"Prepared","categoryName":"Healthy Food Inc. Kitchen","subCategoryName":"Marinated Meat","title":"Thai Marinated Pork","producer":"Healthy Food Inc. Kitchen","photoPath":"https://goodeggs4.imgix.net/c47dfce2-f438-49e1-acd1-ff01ea42f763.jpg?w=380&h=238&fm=jpg&auto=compress&fit=crop","price":"14.99","pricePer":"$0.93 / oz","purchaseUnit":"16 oz"},{"mainCategory":"Prepared","categoryName":"Healthy Food Inc. Kitchen","subCategoryName":"Marinated Meat","title":"Turmeric Yogurt Marinated Cut Boneless Chicken Thighs","producer":"Healthy Food Inc. Kitchen","photoPath":"https://goodeggs4.imgix.net/59315fba-5340-4ba4-9b0b-c081977ae512.jpg?w=380&h=238&fm=jpg&auto=compress&fit=crop","price":"11.99","pricePer":"$11.99 / lb","purchaseUnit":"1 lb"},{"mainCategory":"Prepared","categoryName":"Healthy Food Inc. Kitchen","subCategoryName":"Marinated Meat","title":"Chimichurri Beef Kebab","producer":"Healthy Food Inc. Kitchen","photoPath":"https://goodeggs4.imgix.net/0c995a89-232d-4f87-8923-b236671590e6.jpg?w=380&h=238&fm=jpg&auto=compress&fit=crop","price":"12.99","pricePer":"$0.81 / oz","purchaseUnit":"16 oz"},{"mainCategory":"Prepared","categoryName":"Entrees","subCategoryName":"Ready to Heat Meals","title":"Moroccan Chicken with Couscous & Yogurt Sauce","producer":"Healthy Food Inc. Kitchen","photoPath":"https://goodeggs4.imgix.net/d704b14b-363a-40ce-a4f8-2ee7579bbfc7.jpg?w=380&h=238&fm=jpg&auto=compress&fit=crop","price":"13.99","pricePer":"$11.19 / lb","purchaseUnit":"1.25 lb"},{"mainCategory":"Prepared","categoryName":"Entrees","subCategoryName":"Ready to Heat Meals","title":"Turkey Meatballs & Polenta","producer":"Healthy Food Inc. Kitchen","photoPath":"https://goodeggs4.imgix.net/30ee1d54-15de-4255-9763-77291be5fab7.jpg?w=380&h=238&fm=jpg&auto=compress&fit=crop","price":"11.99","pricePer":"$9.59 / lb","purchaseUnit":"20 oz"},{"mainCategory":"Prepared","categoryName":"Entrees","subCategoryName":"Ready to Heat Meals","title":"Macaroni & Cheese","producer":"Healthy Food Inc. Kitchen","photoPath":"https://goodeggs4.imgix.net/48abb1b9-b7d8-4618-99c0-6e3954e90491.jpg?w=380&h=238&fm=jpg&auto=compress&fit=crop","price":"8.99","pricePer":"$7.19 / lb","purchaseUnit":"20 oz"},{"mainCategory":"Prepared","categoryName":"Entrees","subCategoryName":"Ready to Heat Meals","title":"General Tso's Tofu with Bok Choy and Rice","producer":"Healthy Food Inc. Kitchen","photoPath":"https://goodeggs4.imgix.net/421c1bd9-875d-4013-ab0c-979578aede8e.jpg?w=380&h=238&fm=jpg&auto=compress&fit=crop","price":"12.99","pricePer":"$10.39 / lb","purchaseUnit":"20 oz"},{"mainCategory":"Prepared","categoryName":"Entrees","subCategoryName":"Ready to Heat Meals","title":"Creamy Baked Pasta with Chicken & Broccoli","producer":"Healthy Food Inc. Kitchen","photoPath":"https://goodeggs4.imgix.net/3506b86b-0dc9-4102-b78d-c66cdb63993b.jpg?w=380&h=238&fm=jpg&auto=compress&fit=crop","price":"11.99","pricePer":"$9.59 / lb","purchaseUnit":"20 oz"},{"mainCategory":"Prepared","categoryName":"Entrees","subCategoryName":"Ready to Heat Meals","title":"Baked Pasta with Pork & Beef Ragu","producer":"Healthy Food Inc. Kitchen","photoPath":"https://goodeggs4.imgix.net/697ef25d-5989-4b21-9b8d-b07a92b78402.jpg?w=380&h=238&fm=jpg&auto=compress&fit=crop","price":"12.99","pricePer":"$10.39 / lb","purchaseUnit":"20 oz"},{"mainCategory":"Prepared","categoryName":"Entrees","subCategoryName":"Ready to Heat Meals","title":"North Indian Samosa","producer":"Dosa","photoPath":"https://goodeggs4.imgix.net/39a2bab6-ecfd-4cf4-b17a-01f939225a0e.jpg?w=380&h=238&fm=jpg&auto=compress&fit=crop","price":"5.99","pricePer":"$1.30 / oz","purchaseUnit":"2 count"},{"mainCategory":"Prepared","categoryName":"Entrees","subCategoryName":"Ready to Heat Meals","title":"Sweet Potato Samosa","producer":"Dosa","photoPath":"https://goodeggs4.imgix.net/1019e289-cf09-4884-a8c5-9d993d22cbe7.jpg?w=380&h=238&fm=jpg&auto=compress&fit=crop","price":"5.99","pricePer":"$1.30 / oz","purchaseUnit":"2 count"},{"mainCategory":"Prepared","categoryName":"Entrees","subCategoryName":"Ready to Heat Meals","title":"Saag Paneer","producer":"Indian Bento","photoPath":"https://goodeggs4.imgix.net/73f5cb75-52ed-43c9-a8b3-d57c37e51403.jpg?w=380&h=238&fm=jpg&auto=compress&fit=crop","price":"12.99","pricePer":"$12.99 / lb","purchaseUnit":"16 oz"},{"mainCategory":"Prepared","categoryName":"Entrees","subCategoryName":"Ready to Heat Meals","title":"Chana Masala & Lemon Rice","producer":"Dosa","photoPath":"https://goodeggs4.imgix.net/bda51bd3-0cd3-4b07-9149-55ec98aff5dc.jpg?w=380&h=238&fm=jpg&auto=compress&fit=crop","price":"7.99","pricePer":"$12.78 / lb","purchaseUnit":"10 oz"},{"mainCategory":"Prepared","categoryName":"Entrees","subCategoryName":"Ready to Heat Meals","title":"Saag Paneer & Lemon Rice","producer":"Dosa","photoPath":"https://goodeggs4.imgix.net/cd8e1403-5167-40a4-95f2-9bc22e521d66.jpg?w=380&h=238&fm=jpg&auto=compress&fit=crop","price":"7.99","pricePer":"$12.78 / lb","purchaseUnit":"10 oz"},{"mainCategory":"Prepared","categoryName":"Entrees","subCategoryName":"Ready to Heat Meals","title":"Chana Masala Curry","producer":"Indian Bento","photoPath":"https://goodeggs4.imgix.net/56b69a9e-ed36-42a9-a3d9-a9a89c8ac6f5.jpg?w=380&h=238&fm=jpg&auto=compress&fit=crop","price":"11.99","pricePer":"$11.99 / lb","purchaseUnit":"16 oz"},{"mainCategory":"Prepared","categoryName":"Entrees","subCategoryName":"Ready to Heat Meals","title":"Konkani Coconut Vegetable Curry","producer":"Indian Bento","photoPath":"https://goodeggs4.imgix.net/bdd14c15-da24-4eb2-bfb5-12b5d58aef1f.jpg?w=380&h=238&fm=jpg&auto=compress&fit=crop","price":"12.99","pricePer":"$12.99 / lb","purchaseUnit":"16 oz"},{"mainCategory":"Prepared","categoryName":"Entrees","subCategoryName":"Ready to Heat Meals","title":"Vegetable Biryani","producer":"Indian Bento","photoPath":"https://goodeggs4.imgix.net/4b2a5393-88e7-4cf4-91ef-9fe1144ed849.jpg?w=380&h=238&fm=jpg&auto=compress&fit=crop","price":"11.99","pricePer":"$11.99 / lb","purchaseUnit":"16 oz"},{"mainCategory":"Prepared","categoryName":"Entrees","subCategoryName":"Ready to Heat Meals","title":"Paneer Tikka Masala","producer":"Indian Bento","photoPath":"https://goodeggs4.imgix.net/5eaf1d22-089b-4697-901e-29decd48e434.jpg?w=380&h=238&fm=jpg&auto=compress&fit=crop","price":"12.99","pricePer":"$12.99 / lb","purchaseUnit":"16 oz"},{"mainCategory":"Prepared","categoryName":"Entrees","subCategoryName":"Ready to Heat Meals","title":"Okra Masala","producer":"Indian Bento","photoPath":"https://goodeggs4.imgix.net/67406f66-e4ad-4220-946b-0c84adbac1f6.jpg?w=380&h=238&fm=jpg&auto=compress&fit=crop","price":"12.99","pricePer":"$12.99 / lb","purchaseUnit":"16 oz"},{"mainCategory":"Prepared","categoryName":"Entrees","subCategoryName":"Ready to Heat Meals","title":"Masala Potato Croquettes with Chutneys","producer":"Indian Bento","photoPath":"https://goodeggs4.imgix.net/f6a72777-fe9b-485c-8922-3b986a3c97a9.jpg?w=380&h=238&fm=jpg&auto=compress&fit=crop","price":"7.49","pricePer":"$13.31 / lb","purchaseUnit":"9 oz"},{"mainCategory":"Prepared","categoryName":"Entrees","subCategoryName":"Ready to Heat Meals","title":"Aloo Gobi Masala","producer":"Indian Bento","photoPath":"https://goodeggs4.imgix.net/d3c9dc37-75b8-41c3-aece-d59f37aec4d4.jpg?w=380&h=238&fm=jpg&auto=compress&fit=crop","price":"12.99","pricePer":"$12.99 / lb","purchaseUnit":"16 oz"},{"mainCategory":"Prepared","categoryName":"Entrees","subCategoryName":"Ready to Heat Meals","title":"Organic Tofu Vindaloo & Curry Leaf Rice","producer":"Dosa","photoPath":"https://goodeggs4.imgix.net/4bbfb501-7c06-47d3-97c3-65a2b12f39cf.jpg?w=380&h=238&fm=jpg&auto=compress&fit=crop","price":"7.99","pricePer":"$12.78 / lb","purchaseUnit":"10 oz"},{"mainCategory":"Prepared","categoryName":"Entrees","subCategoryName":"Ready to Heat Meals","title":"California Veggie Tikka Masala","producer":"Indian Bento","photoPath":"https://goodeggs4.imgix.net/7ba55aff-e2ab-4bac-855e-caec18c621fb.jpg?w=380&h=238&fm=jpg&auto=compress&fit=crop","price":"12.99","pricePer":"$12.99 / lb","purchaseUnit":"16 oz"},{"mainCategory":"Prepared","categoryName":"Entrees","subCategoryName":"Ready to Heat Meals","title":"Potato Patties with Chickpea Chaat Curry","producer":"Indian Bento","photoPath":"https://goodeggs4.imgix.net/26d4ff08-94c5-45a3-a23e-bd31ba260f85.jpg?w=380&h=238&fm=jpg&auto=compress&fit=crop","price":"7.49","pricePer":"$13.31 / lb","purchaseUnit":"9 oz"},{"mainCategory":"Prepared","categoryName":"Entrees","subCategoryName":"Ready to Heat Meals","title":"Sousvide Traditional Turkey Meatloaf","producer":"Diestel Turkey","photoPath":"https://goodeggs4.imgix.net/ddab496d-ea07-446a-9f65-405f8c2d5c57.jpg?w=380&h=238&fm=jpg&auto=compress&fit=crop","price":"10.99","pricePer":"$10.99 / lb","purchaseUnit":"16 oz"},{"mainCategory":"Prepared","categoryName":"Entrees","subCategoryName":"Ready to Heat Meals","title":"Sousvide Florentine Turkey Meatloaf","producer":"Diestel Turkey","photoPath":"https://goodeggs4.imgix.net/a05c6506-b28b-4735-a191-07f78c34fcd3.jpg?w=380&h=238&fm=jpg&auto=compress&fit=crop","price":"10.99","pricePer":"$10.99 / lb","purchaseUnit":"16 oz"},{"mainCategory":"Prepared","categoryName":"Entrees","subCategoryName":"Ready to Heat Meals","title":"Okra Masala, Paneer Tikka & Biryani","producer":"Indian Bento","photoPath":"https://goodeggs4.imgix.net/c5ddda15-c26b-40f7-af4a-3db41b496e47.jpg?w=380&h=238&fm=jpg&auto=compress&fit=crop","price":"9.99","pricePer":"$9.99 / lb","purchaseUnit":"16 oz"},{"mainCategory":"Prepared","categoryName":"Entrees","subCategoryName":"Vegetarian","title":"Superfood Grain Bowl with Housemade Kimchi & Tahini Sauce","producer":"Green Heart Foods","photoPath":"https://goodeggs4.imgix.net/f4a60e12-ddaa-499e-95ca-3fb67eb01393.jpg?w=380&h=238&fm=jpg&auto=compress&fit=crop","price":"8.99","pricePer":"$0.78 / oz","purchaseUnit":"11.5 oz"},{"mainCategory":"Prepared","categoryName":"Entrees","subCategoryName":"Vegetarian","title":"Korean-Inspired Veggie Rice Bowl with Egg","producer":"Green Heart Foods","photoPath":"https://goodeggs4.imgix.net/72a50206-7cb3-499d-8190-5b2e96728627.jpg?w=380&h=238&fm=jpg&auto=compress&fit=crop","price":"8.49","pricePer":"$0.87 / oz","purchaseUnit":"9.75 oz"},{"mainCategory":"Prepared","categoryName":"Entrees","subCategoryName":"Vegetarian","title":"Falafel Mix","producer":"Healthy Food Inc. Kitchen","photoPath":"https://goodeggs4.imgix.net/b9bea835-38ef-4c32-be3e-827ab23d97d6.jpg?w=380&h=238&fm=jpg&auto=compress&fit=crop","price":"5.99","pricePer":"$0.30 / oz","purchaseUnit":"20 oz"},{"mainCategory":"Prepared","categoryName":"Entrees","subCategoryName":"Vegetarian","title":"Veggie Meatball Mix","producer":"Healthy Food Inc. Kitchen","photoPath":"https://goodeggs4.imgix.net/082660a0-95ee-4930-9331-59e10a2c1b71.jpg?w=380&h=238&fm=jpg&auto=compress&fit=crop","price":"7.99","pricePer":"$7.99 / lb","purchaseUnit":"1 lb"},{"mainCategory":"Prepared","categoryName":"Entrees","subCategoryName":"Vegetarian","title":"Instant Pot Vegan Chana Masala Meal Kit","producer":"Seeti","photoPath":"https://goodeggs4.imgix.net/fd683265-5a39-4de8-93f3-f60fab6bf46d.jpg?w=380&h=238&fm=jpg&auto=compress&fit=crop","price":"19.99","pricePer":"$1.05 / oz","purchaseUnit":"19 oz"},{"mainCategory":"Prepared","categoryName":"Entrees","subCategoryName":"Vegetarian","title":"Instant Pot Palak Paneer Meal Kit","producer":"Seeti","photoPath":"https://goodeggs4.imgix.net/0e8e6393-2fcc-47b6-9efe-ffdffb5d4959.jpg?w=380&h=238&fm=jpg&auto=compress&fit=crop","price":"23.99","pricePer":"$1.26 / oz","purchaseUnit":"19 oz"},{"mainCategory":"Prepared","categoryName":"Entrees","subCategoryName":"Vegetarian","title":"Adda Veggie™ Herby Roasted Garlic Protein Meal Starter","producer":"Down to Cook","photoPath":"https://goodeggs4.imgix.net/3bad14d9-3ee0-4ce7-a880-a977a8443d77.jpg?w=380&h=238&fm=jpg&auto=compress&fit=crop","price":"6.99","pricePer":null,"purchaseUnit":"3.4 oz"},{"mainCategory":"Prepared","categoryName":"Entrees","subCategoryName":"Vegetarian","title":"Adda Veggie™ Original Protein Meal Starter","producer":"Down to Cook","photoPath":"https://goodeggs4.imgix.net/3b16e3c6-df4d-4616-88b7-07114ecb508c.jpg?w=380&h=238&fm=jpg&auto=compress&fit=crop","price":"6.99","pricePer":null,"purchaseUnit":"3.2 oz"},{"mainCategory":"Prepared","categoryName":"Entrees","subCategoryName":"Vegetarian","title":"Adda Veggie™ Chipotle Adobo Protein Meal Starter","producer":"Down to Cook","photoPath":"https://goodeggs4.imgix.net/71fa5a3d-42f4-4969-87c7-267a8032cb0d.jpg?w=380&h=238&fm=jpg&auto=compress&fit=crop","price":"6.99","pricePer":null,"purchaseUnit":"3.4 oz"},{"mainCategory":"Prepared","categoryName":"Entrees","subCategoryName":"Vegetarian","title":"Adda Veggie™ Indian Masala Protein Meal Starter","producer":"Down to Cook","photoPath":"https://goodeggs4.imgix.net/3aa200ff-19ba-44e2-8bff-bbfa1025da63.jpg?w=380&h=238&fm=jpg&auto=compress&fit=crop","price":"6.99","pricePer":null,"purchaseUnit":"3.3 oz"},{"mainCategory":"Prepared","categoryName":"Entrees","subCategoryName":"Vegetarian","title":"Japanese-Inspired Veggie Rice Bowl with Egg","producer":"Green Heart Foods","photoPath":"https://goodeggs4.imgix.net/783c46b4-901e-442a-9a54-d29f2b288092.jpg?w=380&h=238&fm=jpg&auto=compress&fit=crop","price":"8.49","pricePer":"$0.85 / oz","purchaseUnit":"9.9 oz"},{"mainCategory":"Prepared","categoryName":"Entrees","subCategoryName":"Vegetarian","title":"Baked Pesto Pasta with Artichokes and Ricotta","producer":"Healthy Food Inc. Kitchen","photoPath":"https://goodeggs4.imgix.net/a5fe5b80-8102-11eb-9180-134c133f9914?w=380&h=238&fm=jpg&auto=compress&fit=crop","price":"11.99","pricePer":"$0.59 / oz","purchaseUnit":"20 oz"},{"mainCategory":"Prepared","categoryName":"Entrees","subCategoryName":"Vegetarian","title":"Greek-Inspired Veggie Rice Bowl","producer":"Green Heart Foods","photoPath":"https://goodeggs4.imgix.net/fa28c038-22f6-4b31-b300-4fc61cf063b7.jpg?w=380&h=238&fm=jpg&auto=compress&fit=crop","price":"8.49","pricePer":"$0.80 / oz","purchaseUnit":"10.5 oz"},{"mainCategory":"Prepared","categoryName":"Entrees","subCategoryName":"Vegetarian","title":"Indian-Inspired Veggie Rice Bowl","producer":"Green Heart Foods","photoPath":"https://goodeggs4.imgix.net/11ffa679-7c12-4a08-8caf-7584890ee4c6.jpg?w=380&h=238&fm=jpg&auto=compress&fit=crop","price":"8.49","pricePer":"$0.77 / oz","purchaseUnit":"10.9 oz"},{"mainCategory":"Prepared","categoryName":"Entrees","subCategoryName":"Marinated Meat Alternatives","title":"Falafel Mix","producer":"Healthy Food Inc. Kitchen","photoPath":"https://goodeggs4.imgix.net/b9bea835-38ef-4c32-be3e-827ab23d97d6.jpg?w=380&h=238&fm=jpg&auto=compress&fit=crop","price":"5.99","pricePer":"$0.30 / oz","purchaseUnit":"20 oz"},{"mainCategory":"Prepared","categoryName":"Entrees","subCategoryName":"Marinated Meat Alternatives","title":"Organic Hodo Five-Spice Tofu Nuggets","producer":"Hodo","photoPath":"https://goodeggs4.imgix.net/e31af3be-382c-4d5d-b80b-b23cce11d8e1.jpg?w=380&h=238&fm=jpg&auto=compress&fit=crop","price":"5.49","pricePer":"$10.98 / lb","purchaseUnit":"8 oz"},{"mainCategory":"Prepared","categoryName":"Entrees","subCategoryName":"Marinated Meat Alternatives","title":"Organic Hodo Thai Curry Tofu Nuggets","producer":"Hodo","photoPath":"https://goodeggs4.imgix.net/68ba7cf7-66be-42de-a5dd-a1b915682ad4.jpg?w=380&h=238&fm=jpg&auto=compress&fit=crop","price":"5.49","pricePer":"$10.98 / lb","purchaseUnit":"8 oz"},{"mainCategory":"Prepared","categoryName":"Entrees","subCategoryName":"Marinated Meat Alternatives","title":"Organic Chermoula Moroccan Tofu Cubes","producer":"Hodo","photoPath":"https://goodeggs4.imgix.net/97c21366-859c-4d69-957e-3e7ad14a127d.jpg?w=380&h=238&fm=jpg&auto=compress&fit=crop","price":"5.49","pricePer":"$10.98 / lb","purchaseUnit":"8 oz"},{"mainCategory":"Prepared","categoryName":"Entrees","subCategoryName":"Marinated Meat Alternatives","title":"Adda Veggie™ Herby Roasted Garlic Protein Meal Starter","producer":"Down to Cook","photoPath":"https://goodeggs4.imgix.net/3bad14d9-3ee0-4ce7-a880-a977a8443d77.jpg?w=380&h=238&fm=jpg&auto=compress&fit=crop","price":"6.99","pricePer":null,"purchaseUnit":"3.4 oz"},{"mainCategory":"Prepared","categoryName":"Entrees","subCategoryName":"Marinated Meat Alternatives","title":"Adda Veggie™ Original Protein Meal Starter","producer":"Down to Cook","photoPath":"https://goodeggs4.imgix.net/3b16e3c6-df4d-4616-88b7-07114ecb508c.jpg?w=380&h=238&fm=jpg&auto=compress&fit=crop","price":"6.99","pricePer":null,"purchaseUnit":"3.2 oz"},{"mainCategory":"Prepared","categoryName":"Entrees","subCategoryName":"Marinated Meat Alternatives","title":"Adda Veggie™ Chipotle Adobo Protein Meal Starter","producer":"Down to Cook","photoPath":"https://goodeggs4.imgix.net/71fa5a3d-42f4-4969-87c7-267a8032cb0d.jpg?w=380&h=238&fm=jpg&auto=compress&fit=crop","price":"6.99","pricePer":null,"purchaseUnit":"3.4 oz"},{"mainCategory":"Prepared","categoryName":"Entrees","subCategoryName":"Marinated Meat Alternatives","title":"Adda Veggie™ Indian Masala Protein Meal Starter","producer":"Down to Cook","photoPath":"https://goodeggs4.imgix.net/3aa200ff-19ba-44e2-8bff-bbfa1025da63.jpg?w=380&h=238&fm=jpg&auto=compress&fit=crop","price":"6.99","pricePer":null,"purchaseUnit":"3.3 oz"},{"mainCategory":"Prepared","categoryName":"Entrees","subCategoryName":"Cooked Meats","title":"Organic Thick-Cut Oven Roasted Chicken Breast","producer":"True Story Foods","photoPath":"https://goodeggs4.imgix.net/85b0bd21-5658-4555-af8f-315869e89ecb.jpg?w=380&h=238&fm=jpg&auto=compress&fit=crop","price":"5.99","pricePer":"$15.97 / lb","purchaseUnit":"6 oz"},{"mainCategory":"Prepared","categoryName":"Entrees","subCategoryName":"Cooked Meats","title":"Organic Chicken Corn Dogs","producer":"The Organic Coup","photoPath":"https://goodeggs4.imgix.net/27a9ae88-e107-4016-9a71-0d77e313e9f9.jpg?w=380&h=238&fm=jpg&auto=compress&fit=crop","price":"21.99","pricePer":"$0.46 / oz","purchaseUnit":"12 count"},{"mainCategory":"Prepared","categoryName":"Entrees","subCategoryName":"Cooked Meats","title":"Organic Chicken Tenders","producer":"The Organic Coup","photoPath":"https://goodeggs4.imgix.net/7862f9e0-7de4-11eb-a49c-035b9bcc7078?w=380&h=238&fm=jpg&auto=compress&fit=crop","price":"21.99","pricePer":null,"purchaseUnit":"1.5 lb"},{"mainCategory":"Prepared","categoryName":"Entrees","subCategoryName":"Cooked Meats","title":"Ready to Eat Baby Back Ribs","producer":"RoliRoti","photoPath":"https://goodeggs4.imgix.net/b049b073-09f8-4365-b8f4-0481c0b8c40c.jpg?w=380&h=238&fm=jpg&auto=compress&fit=crop","price":"15.99","pricePer":"$10.66 / lb","purchaseUnit":"1.5 lb"},{"mainCategory":"Prepared","categoryName":"Entrees","subCategoryName":"Cooked Meats","title":"Salt & Pepper Salad Chicken","producer":"RoliRoti","photoPath":"https://goodeggs4.imgix.net/a2498ea1-e9ac-4112-976c-230cc602e873.jpg?w=380&h=238&fm=jpg&auto=compress&fit=crop","price":"6.99","pricePer":"$12.42 / lb","purchaseUnit":"9 oz"},{"mainCategory":"Prepared","categoryName":"Entrees","subCategoryName":"Cooked Meats","title":"Lemon Pepper Salad Chicken","producer":"RoliRoti","photoPath":"https://goodeggs4.imgix.net/37f4fd20-94e2-46dd-93fc-f3054d913c49.jpg?w=380&h=238&fm=jpg&auto=compress&fit=crop","price":"6.99","pricePer":"$12.42 / lb","purchaseUnit":"9 oz"},{"mainCategory":"Prepared","categoryName":"Entrees","subCategoryName":"Cooked Meats","title":"Chicken Tomato, Basil & Parmesan","producer":"Fra' Mani Handcrafted Foods","photoPath":"https://goodeggs4.imgix.net/85851982-fab8-49ab-82b7-a7972cecdc9f.jpg?w=380&h=238&fm=jpg&auto=compress&fit=crop","price":"9.99","pricePer":null,"purchaseUnit":"16 oz"},{"mainCategory":"Prepared","categoryName":"Entrees","subCategoryName":"Cooked Meats","title":"Chile Limón Salad Chicken","producer":"RoliRoti","photoPath":"https://goodeggs4.imgix.net/d58a3a87-47fe-4650-95a8-3a918b431899.jpg?w=380&h=238&fm=jpg&auto=compress&fit=crop","price":"6.99","pricePer":"$12.42 / lb","purchaseUnit":"9 oz"},{"mainCategory":"Prepared","categoryName":"Entrees","subCategoryName":"Cooked Meats","title":"Chicken Marsala","producer":"Fra' Mani Handcrafted Foods","photoPath":"https://goodeggs4.imgix.net/5457e8ed-19cd-4142-b04d-bab493e9cea8.jpg?w=380&h=238&fm=jpg&auto=compress&fit=crop","price":"9.99","pricePer":null,"purchaseUnit":"16 oz"},{"mainCategory":"Prepared","categoryName":"Entrees","subCategoryName":"Cooked Meats","title":"Sousvide Traditional Turkey Meatloaf","producer":"Diestel Turkey","photoPath":"https://goodeggs4.imgix.net/ddab496d-ea07-446a-9f65-405f8c2d5c57.jpg?w=380&h=238&fm=jpg&auto=compress&fit=crop","price":"10.99","pricePer":"$10.99 / lb","purchaseUnit":"16 oz"},{"mainCategory":"Prepared","categoryName":"Entrees","subCategoryName":"Cooked Meats","title":"Sousvide Florentine Turkey Meatloaf","producer":"Diestel Turkey","photoPath":"https://goodeggs4.imgix.net/a05c6506-b28b-4735-a191-07f78c34fcd3.jpg?w=380&h=238&fm=jpg&auto=compress&fit=crop","price":"10.99","pricePer":"$10.99 / lb","purchaseUnit":"16 oz"},{"mainCategory":"Prepared","categoryName":"Entrees","subCategoryName":"Cooked Meats","title":"Duck Legs Confit","producer":"Fabrique Délices","photoPath":"https://goodeggs4.imgix.net/4d76ef20-90e5-4c94-868f-0f98e868a75a.jpg?w=380&h=238&fm=jpg&auto=compress&fit=crop","price":"29.99","pricePer":"$29.99 / lb","purchaseUnit":"3 count"},{"mainCategory":"Prepared","categoryName":"Entrees","subCategoryName":"Cooked Meats","title":"Satay Chicken","producer":"Snapdragon Foods","photoPath":"https://goodeggs4.imgix.net/afe0c599-e8e9-424a-9053-ff8530621537.jpg?w=380&h=238&fm=jpg&auto=compress&fit=crop","price":"10.99","pricePer":null,"purchaseUnit":"16 oz"},{"mainCategory":"Prepared","categoryName":"Entrees","subCategoryName":"Tamales & Pupusas","title":"Chicken Tamales","producer":"Alicia's Tamales Los Mayas","photoPath":"https://goodeggs4.imgix.net/36da7f09-b918-4bea-b037-19af0f61b952.jpg?w=380&h=238&fm=jpg&auto=compress&fit=crop","price":"12.99","pricePer":"$1.99 / oz","purchaseUnit":"3 count"},{"mainCategory":"Prepared","categoryName":"Entrees","subCategoryName":"Tamales & Pupusas","title":"Green Chile & Jack Cheese Tamales","producer":"Primavera","photoPath":"https://goodeggs4.imgix.net/b9b7e717-b291-4516-b857-be95fb04cb3c.jpg?w=380&h=238&fm=jpg&auto=compress&fit=crop","price":"13.99","pricePer":"$9.32 / lb","purchaseUnit":"4 count"},{"mainCategory":"Prepared","categoryName":"Entrees","subCategoryName":"Tamales & Pupusas","title":"Roasted Pumpkin & White Cheddar Tamales","producer":"Primavera","photoPath":"https://goodeggs4.imgix.net/8685e1b8-bec6-4bc8-955e-9478b1584d2e.jpg?w=380&h=238&fm=jpg&auto=compress&fit=crop","price":"13.99","pricePer":"$9.32 / lb","purchaseUnit":"4 count"},{"mainCategory":"Prepared","categoryName":"Entrees","subCategoryName":"Tamales & Pupusas","title":"Pork Tamales","producer":"Alicia's Tamales Los Mayas","photoPath":"https://goodeggs4.imgix.net/945a8340-9643-4f97-95fc-a75037f1b25e.jpg?w=380&h=238&fm=jpg&auto=compress&fit=crop","price":"12.99","pricePer":"$1.99 / oz","purchaseUnit":"3 count"},{"mainCategory":"Prepared","categoryName":"Entrees","subCategoryName":"Tamales & Pupusas","title":"Black Bean and Cheese Tamales","producer":"Alicia's Tamales Los Mayas","photoPath":"https://goodeggs4.imgix.net/58eaf559-b3c2-40e5-a170-852a0af6785a.jpg?w=380&h=238&fm=jpg&auto=compress&fit=crop","price":"12.49","pricePer":"$1.92 / oz","purchaseUnit":"3 count"},{"mainCategory":"Prepared","categoryName":"Entrees","subCategoryName":"Tamales & Pupusas","title":"Black Bean Bonanza Tamales","producer":"Primavera","photoPath":"https://goodeggs4.imgix.net/6b6345fb-1fa9-4c56-8d1f-be80e4989630.jpg?w=380&h=238&fm=jpg&auto=compress&fit=crop","price":"13.99","pricePer":"$9.32 / lb","purchaseUnit":"4 count"},{"mainCategory":"Prepared","categoryName":"Entrees","subCategoryName":"Tamales & Pupusas","title":"Black Bean Bonanza Tamales  (Dairy Free)","producer":"Primavera","photoPath":"https://goodeggs4.imgix.net/46cab2b5-026d-4522-9334-01cc7bcaac95.jpg?w=380&h=238&fm=jpg&auto=compress&fit=crop","price":"13.99","pricePer":"$9.32 / lb","purchaseUnit":"4 count"},{"mainCategory":"Prepared","categoryName":"Entrees","subCategoryName":"Tamales & Pupusas","title":"Oaxacan Cheese Tamales","producer":"Alicia's Tamales Los Mayas","photoPath":"https://goodeggs4.imgix.net/80d87fb5-86fd-4a6a-b7b4-d82bc8ac25aa.jpg?w=380&h=238&fm=jpg&auto=compress&fit=crop","price":"12.49","pricePer":"$1.92 / oz","purchaseUnit":"3 count"},{"mainCategory":"Prepared","categoryName":"Entrees","subCategoryName":"Tamales & Pupusas","title":"BBQ Chipotle Bean & Cheddar Tamales","producer":"Primavera","photoPath":"https://goodeggs4.imgix.net/6832c672-10e6-4a35-a329-548500dd6132.jpg?w=380&h=238&fm=jpg&auto=compress&fit=crop","price":"13.99","pricePer":"$9.32 / lb","purchaseUnit":"4 count"},{"mainCategory":"Prepared","categoryName":"Entrees","subCategoryName":"Tamales & Pupusas","title":"Mushroom, Spinach & Salsa Tamales","producer":"Primavera","photoPath":"https://goodeggs4.imgix.net/8f1b8385-0d8f-4176-9000-d1507407cea4.jpg?w=380&h=238&fm=jpg&auto=compress&fit=crop","price":"13.99","pricePer":"$9.32 / lb","purchaseUnit":"4 count"},{"mainCategory":"Prepared","categoryName":"Entrees","subCategoryName":"Tamales & Pupusas","title":"Roasted Green Chile Tamales (Dairy Free)","producer":"Primavera","photoPath":"https://goodeggs4.imgix.net/d052a552-6a69-4f58-b80e-645d7bac01c9.jpg?w=380&h=238&fm=jpg&auto=compress&fit=crop","price":"13.99","pricePer":"$9.32 / lb","purchaseUnit":"4 count"},{"mainCategory":"Prepared","categoryName":"Entrees","subCategoryName":"Tamales & Pupusas","title":"Bean & Cheese Pupusas","producer":"Estrellita's Snacks","photoPath":"https://goodeggs4.imgix.net/2c0d0159-4139-4f93-9bc0-6243b46d42d8.jpg?w=380&h=238&fm=jpg&auto=compress&fit=crop","price":"13.99","pricePer":"$1.16 / oz","purchaseUnit":"2 count"},{"mainCategory":"Prepared","categoryName":"Entrees","subCategoryName":"Tamales & Pupusas","title":"Spinach & Cheese Pupusas","producer":"Estrellita's Snacks","photoPath":"https://goodeggs4.imgix.net/f372a092-aa7b-430b-bc97-ccad3934699d.jpg?w=380&h=238&fm=jpg&auto=compress&fit=crop","price":"13.99","pricePer":"$1.16 / oz","purchaseUnit":"2 count"},{"mainCategory":"Prepared","categoryName":"Entrees","subCategoryName":"Tamales & Pupusas","title":"Cheese Pupusas","producer":"Estrellita's Snacks","photoPath":"https://goodeggs4.imgix.net/af017694-735a-4b81-970c-20c6fa578b23.jpg?w=380&h=238&fm=jpg&auto=compress&fit=crop","price":"13.99","pricePer":"$1.16 / oz","purchaseUnit":"2 count"},{"mainCategory":"Prepared","categoryName":"Entrees","subCategoryName":"Tamales & Pupusas","title":"Zucchini & Cheese Pupusas","producer":"Estrellita's Snacks","photoPath":"https://goodeggs4.imgix.net/8819b025-6588-44c1-bb7d-ebda9fa1f610.jpg?w=380&h=238&fm=jpg&auto=compress&fit=crop","price":"13.99","pricePer":"$1.16 / oz","purchaseUnit":"2 count"},{"mainCategory":"Prepared","categoryName":"Entrees","subCategoryName":"Tamales & Pupusas","title":"Mushroom & Cheese Pupusas","producer":"Estrellita's Snacks","photoPath":"https://goodeggs4.imgix.net/60c176c2-935e-4b0d-91b4-6f5e70723cff.jpg?w=380&h=238&fm=jpg&auto=compress&fit=crop","price":"13.99","pricePer":"$1.16 / oz","purchaseUnit":"2 count"},{"mainCategory":"Prepared","categoryName":"Entrees","subCategoryName":"Tamales & Pupusas","title":"Jalapeño & Cheese Pupusas","producer":"Estrellita's Snacks","photoPath":"https://goodeggs4.imgix.net/4fd56b88-67d0-438c-9059-9334e4fff703.jpg?w=380&h=238&fm=jpg&auto=compress&fit=crop","price":"13.99","pricePer":"$1.16 / oz","purchaseUnit":"2 count"},{"mainCategory":"Prepared","categoryName":"Entrees","subCategoryName":"Wraps & Flatbreads","title":"Spinach-Filled Flatbreads","producer":"Bolani","photoPath":"https://goodeggs4.imgix.net/f3c4467f-0c1b-43fd-ba2d-a8ad3020a1e1.jpg?w=380&h=238&fm=jpg&auto=compress&fit=crop","price":"9.49","pricePer":"$0.79 / oz","purchaseUnit":"2 count"},{"mainCategory":"Prepared","categoryName":"Entrees","subCategoryName":"Wraps & Flatbreads","title":"Whole Wheat Lentil-Filled Flatbreads","producer":"Bolani","photoPath":"https://goodeggs4.imgix.net/8df893fd-a00c-460f-9b37-19fd7bc97e38.jpg?w=380&h=238&fm=jpg&auto=compress&fit=crop","price":"9.49","pricePer":"$0.79 / oz","purchaseUnit":"2 count"},{"mainCategory":"Prepared","categoryName":"Entrees","subCategoryName":"Wraps & Flatbreads","title":"Pumpkin-Filled Flatbreads","producer":"Bolani","photoPath":"https://goodeggs4.imgix.net/b6da646e-01e7-4bfa-b1cb-5b4650f29e4e.jpg?w=380&h=238&fm=jpg&auto=compress&fit=crop","price":"9.49","pricePer":"$0.79 / oz","purchaseUnit":"2 count"},{"mainCategory":"Prepared","categoryName":"Entrees","subCategoryName":"Wraps & Flatbreads","title":"Spicy Potato-Filled Flatbreads","producer":"Bolani","photoPath":"https://goodeggs4.imgix.net/5807939e-6f6a-40a2-a85b-6304e169b383.jpg?w=380&h=238&fm=jpg&auto=compress&fit=crop","price":"9.49","pricePer":"$0.79 / oz","purchaseUnit":"2 count"},{"mainCategory":"Prepared","categoryName":"Entrees","subCategoryName":"Wraps & Flatbreads","title":"Saag Paneer Roti Paratha","producer":"Indian Bento","photoPath":"https://goodeggs4.imgix.net/4522e758-62ed-4655-bca6-748f319d2cdb.jpg?w=380&h=238&fm=jpg&auto=compress&fit=crop","price":"9.99","pricePer":"$19.98 / lb","purchaseUnit":"8 oz"},{"mainCategory":"Prepared","categoryName":"Entrees","subCategoryName":"Wraps & Flatbreads","title":"Paneer Street Wrap","producer":"Dosa","photoPath":"https://goodeggs4.imgix.net/5e948161-4c73-48f4-80ab-5fedcfb9b807.jpg?w=380&h=238&fm=jpg&auto=compress&fit=crop","price":"7.99","pricePer":"$14.20 / lb","purchaseUnit":"9 oz"},{"mainCategory":"Prepared","categoryName":"Entrees","subCategoryName":"Wraps & Flatbreads","title":"Peas & Potato Roti Paratha","producer":"Indian Bento","photoPath":"https://goodeggs4.imgix.net/eb1b9add-2eeb-4578-9fb1-f2f71f026209.jpg?w=380&h=238&fm=jpg&auto=compress&fit=crop","price":"9.99","pricePer":"$19.98 / lb","purchaseUnit":"8 oz"},{"mainCategory":"Prepared","categoryName":"Entrees","subCategoryName":"Wraps & Flatbreads","title":"Bombay Potato Street Wrap","producer":"Dosa","photoPath":"https://goodeggs4.imgix.net/f6445791-b146-4e29-996d-d2a97c6f4079.jpg?w=380&h=238&fm=jpg&auto=compress&fit=crop","price":"7.99","pricePer":"$14.20 / lb","purchaseUnit":"9 oz"},{"mainCategory":"Prepared","categoryName":"Entrees","subCategoryName":"Wraps & Flatbreads","title":"Chana Masala Roti Paratha","producer":"Indian Bento","photoPath":"https://goodeggs4.imgix.net/71d70fb1-ffe4-4ad8-8a9c-842b46623248.jpg?w=380&h=238&fm=jpg&auto=compress&fit=crop","price":"9.99","pricePer":"$19.98 / lb","purchaseUnit":"8 oz"},{"mainCategory":"Prepared","categoryName":"Entrees","subCategoryName":"Quiche & Pot Pie","title":"Paneer Tikka Masala Pot Pie","producer":"East Bay Pie Co","photoPath":"https://goodeggs4.imgix.net/8b2b1356-8baa-4e2d-a0e4-7b090d4f95cb.jpg?w=380&h=238&fm=jpg&auto=compress&fit=crop","price":"7.49","pricePer":null,"purchaseUnit":"6.5 oz"},{"mainCategory":"Prepared","categoryName":"Entrees","subCategoryName":"Quiche & Pot Pie","title":"Mushroom Cheddar Knish Pie","producer":"East Bay Pie Co","photoPath":"https://goodeggs4.imgix.net/ce3a6b8d-a798-4b5a-a059-c778fc6ce0ff.jpg?w=380&h=238&fm=jpg&auto=compress&fit=crop","price":"7.49","pricePer":null,"purchaseUnit":"6.5 oz"},{"mainCategory":"Prepared","categoryName":"Entrees","subCategoryName":"Quiche & Pot Pie","title":"Spiced Potato Pot Pie","producer":"East Bay Pie Co","photoPath":"https://goodeggs4.imgix.net/8e9f95c8-df7e-4aeb-a83d-de69948de03c.jpg?w=380&h=238&fm=jpg&auto=compress&fit=crop","price":"7.49","pricePer":null,"purchaseUnit":"6.5 oz"},{"mainCategory":"Prepared","categoryName":"Entrees","subCategoryName":"Quiche & Pot Pie","title":"Chile Relleno Quiche","producer":"Quiche and Carry","photoPath":"https://goodeggs4.imgix.net/b42adcf0-a8a8-488b-b070-6d6f3e4f7f7f.jpg?w=380&h=238&fm=jpg&auto=compress&fit=crop","price":"11.99","pricePer":null,"purchaseUnit":"5 inch"},{"mainCategory":"Prepared","categoryName":"Entrees","subCategoryName":"Quiche & Pot Pie","title":"Mushroom Quiche","producer":"Quiche and Carry","photoPath":"https://goodeggs4.imgix.net/f277aa9f-39c0-4398-baa9-5105071870ab.jpg?w=380&h=238&fm=jpg&auto=compress&fit=crop","price":"11.99","pricePer":null,"purchaseUnit":"5 inch"},{"mainCategory":"Prepared","categoryName":"Entrees","subCategoryName":"Quiche & Pot Pie","title":"Mediterranean Quiche","producer":"Quiche and Carry","photoPath":"https://goodeggs4.imgix.net/06a45294-b4c9-4d0f-9feb-0825c611a2dd.jpg?w=380&h=238&fm=jpg&auto=compress&fit=crop","price":"25.99","pricePer":null,"purchaseUnit":"9 inch"},{"mainCategory":"Prepared","categoryName":"Entrees","subCategoryName":"Quiche & Pot Pie","title":"Mediterranean Quiche","producer":"Quiche and Carry","photoPath":"https://goodeggs4.imgix.net/d122ab4f-2dd6-4501-8bae-ba74c1c582bc.jpg?w=380&h=238&fm=jpg&auto=compress&fit=crop","price":"11.99","pricePer":null,"purchaseUnit":"5 inch"},{"mainCategory":"Prepared","categoryName":"Entrees","subCategoryName":"Quiche & Pot Pie","title":"Winter Greens Quiche","producer":"Quiche and Carry","photoPath":"https://goodeggs4.imgix.net/48eb9cf1-7165-48a2-9250-ad0f085d28c5.jpg?w=380&h=238&fm=jpg&auto=compress&fit=crop","price":"11.99","pricePer":null,"purchaseUnit":"5 inch"},{"mainCategory":"Prepared","categoryName":"Entrees","subCategoryName":"Quiche & Pot Pie","title":"Mushroom Quiche","producer":"Quiche and Carry","photoPath":"https://goodeggs4.imgix.net/7f869cc8-39b4-4b9f-a7de-387c53f93070.jpg?w=380&h=238&fm=jpg&auto=compress&fit=crop","price":"25.99","pricePer":null,"purchaseUnit":"9 inch"},{"mainCategory":"Prepared","categoryName":"Entrees","subCategoryName":"Quiche & Pot Pie","title":"Winter Greens Quiche","producer":"Quiche and Carry","photoPath":"https://goodeggs4.imgix.net/33b8310c-2805-4ecd-b837-0f356963daa1.jpg?w=380&h=238&fm=jpg&auto=compress&fit=crop","price":"25.99","pricePer":null,"purchaseUnit":"9 inch"},{"mainCategory":"Prepared","categoryName":"Entrees","subCategoryName":"Quiche & Pot Pie","title":"Butternut Squash Quiche","producer":"Quiche and Carry","photoPath":"https://goodeggs4.imgix.net/00d4db56-9e6d-4414-bd1c-75aead75093f.jpg?w=380&h=238&fm=jpg&auto=compress&fit=crop","price":"25.99","pricePer":null,"purchaseUnit":"9 inch"},{"mainCategory":"Prepared","categoryName":"Entrees","subCategoryName":"Quiche & Pot Pie","title":"Wheat-Free Mediterranean Quiche","producer":"Quiche and Carry","photoPath":"https://goodeggs4.imgix.net/b6b99a89-a300-4880-bceb-877b73da5fd0.jpg?w=380&h=238&fm=jpg&auto=compress&fit=crop","price":"27.99","pricePer":null,"purchaseUnit":"9 inch"},{"mainCategory":"Prepared","categoryName":"Entrees","subCategoryName":"Quiche & Pot Pie","title":"Mushroom Pot Pie","producer":"Quiche and Carry","photoPath":"https://goodeggs4.imgix.net/41afc483-198e-4576-86f0-8f9dec68ba9e.jpg?w=380&h=238&fm=jpg&auto=compress&fit=crop","price":"12.99","pricePer":null,"purchaseUnit":"5 inch"},{"mainCategory":"Prepared","categoryName":"Entrees","subCategoryName":"Quiche & Pot Pie","title":"Par Baked Mushroom Pot Pie","producer":"Black Jet Baking Co.","photoPath":"https://goodeggs4.imgix.net/29333753-0e5f-4322-82da-415e51744ba4.jpg?w=380&h=238&fm=jpg&auto=compress&fit=crop","price":"44.99","pricePer":"$15.62 / lb","purchaseUnit":"9 inch"},{"mainCategory":"Prepared","categoryName":"Sides & Salads","subCategoryName":"Salads","title":"Superfood Grain Bowl with Housemade Kimchi & Tahini Sauce","producer":"Green Heart Foods","photoPath":"https://goodeggs4.imgix.net/f4a60e12-ddaa-499e-95ca-3fb67eb01393.jpg?w=380&h=238&fm=jpg&auto=compress&fit=crop","price":"8.99","pricePer":"$0.78 / oz","purchaseUnit":"11.5 oz"},{"mainCategory":"Prepared","categoryName":"Sides & Salads","subCategoryName":"Salads","title":"Korean-Inspired Veggie Rice Bowl with Egg","producer":"Green Heart Foods","photoPath":"https://goodeggs4.imgix.net/72a50206-7cb3-499d-8190-5b2e96728627.jpg?w=380&h=238&fm=jpg&auto=compress&fit=crop","price":"8.49","pricePer":"$0.87 / oz","purchaseUnit":"9.75 oz"},{"mainCategory":"Prepared","categoryName":"Sides & Salads","subCategoryName":"Salads","title":"Paneer, Brussels Sprouts & Butternut Squash Poriyal Salad","producer":"Dosa","photoPath":"https://goodeggs4.imgix.net/745f4458-c259-4eec-bac0-fab32f7afd02.jpg?w=380&h=238&fm=jpg&auto=compress&fit=crop","price":"8.99","pricePer":"$14.38 / lb","purchaseUnit":"10 oz"},{"mainCategory":"Prepared","categoryName":"Sides & Salads","subCategoryName":"Salads","title":"Meatless Chick'n Tikka, Black Garbanzo & Red Beet Salad","producer":"Dosa","photoPath":"https://goodeggs4.imgix.net/8d98a5ea-496c-4b01-bf21-e217df408758.jpg?w=380&h=238&fm=jpg&auto=compress&fit=crop","price":"8.99","pricePer":"$14.38 / lb","purchaseUnit":"10 oz"},{"mainCategory":"Prepared","categoryName":"Sides & Salads","subCategoryName":"Salads","title":"Organic Tofu, Baby Broccoli & Sprouted Mung Bean Salad","producer":"Dosa","photoPath":"https://goodeggs4.imgix.net/e912bae4-8405-4690-97d0-898800698f3e.jpg?w=380&h=238&fm=jpg&auto=compress&fit=crop","price":"8.99","pricePer":"$14.38 / lb","purchaseUnit":"10 oz"},{"mainCategory":"Prepared","categoryName":"Sides & Salads","subCategoryName":"Salads","title":"Taboule Salad","producer":"Haigs Delicacies","photoPath":"https://goodeggs4.imgix.net/e89f8779-5383-4e3e-a585-f561ee79f70a.jpg?w=380&h=238&fm=jpg&auto=compress&fit=crop","price":"6.49","pricePer":"$10.38 / lb","purchaseUnit":"10 oz"},{"mainCategory":"Prepared","categoryName":"Sides & Salads","subCategoryName":"Salads","title":"Vegan Tea Leaf Salad Kit","producer":"Burma Love Foods","photoPath":"https://goodeggs4.imgix.net/1d680e0f-345c-4f97-890f-1b9fbfe22ae9.jpg?w=380&h=238&fm=jpg&auto=compress&fit=crop","price":"17.99","pricePer":null,"purchaseUnit":"1 count"},{"mainCategory":"Prepared","categoryName":"Sides & Salads","subCategoryName":"Salads","title":"Sesame Pasta Salad","producer":"Epicurean Solutions","photoPath":"https://goodeggs4.imgix.net/5e14e033-42ca-48b3-b642-884057591ad3.jpg?w=380&h=238&fm=jpg&auto=compress&fit=crop","price":"4.29","pricePer":"$8.58 / lb","purchaseUnit":"8 oz"},{"mainCategory":"Prepared","categoryName":"Sides & Salads","subCategoryName":"Salads","title":"Sriracha Glass Noodles","producer":"Epicurean Solutions","photoPath":"https://goodeggs4.imgix.net/98d9868f-4b77-478d-bf67-d5696cf4ec72.jpg?w=380&h=238&fm=jpg&auto=compress&fit=crop","price":"6.49","pricePer":"$9.44 / lb","purchaseUnit":"11 oz"},{"mainCategory":"Prepared","categoryName":"Sides & Salads","subCategoryName":"Salads","title":"Japanese-Inspired Veggie Rice Bowl with Egg","producer":"Green Heart Foods","photoPath":"https://goodeggs4.imgix.net/783c46b4-901e-442a-9a54-d29f2b288092.jpg?w=380&h=238&fm=jpg&auto=compress&fit=crop","price":"8.49","pricePer":"$0.85 / oz","purchaseUnit":"9.9 oz"},{"mainCategory":"Prepared","categoryName":"Sides & Salads","subCategoryName":"Salads","title":"Be Well Salad","producer":"MIXT","photoPath":"https://goodeggs4.imgix.net/6d31d016-22cd-4544-8860-86554a77a642.jpg?w=380&h=238&fm=jpg&auto=compress&fit=crop","price":"12.99","pricePer":null,"purchaseUnit":"20.6 oz"},{"mainCategory":"Prepared","categoryName":"Sides & Salads","subCategoryName":"Salads","title":"Beetnik Salad","producer":"MIXT","photoPath":"https://goodeggs4.imgix.net/760b54e6-1260-43f3-be4b-3f71a35b91f3.jpg?w=380&h=238&fm=jpg&auto=compress&fit=crop","price":"12.99","pricePer":null,"purchaseUnit":"16.1 oz"},{"mainCategory":"Prepared","categoryName":"Sides & Salads","subCategoryName":"Salads","title":"Caesar Salad","producer":"MIXT","photoPath":"https://goodeggs4.imgix.net/85fed3c6-7446-4b65-986a-146d1caa9a6f.jpg?w=380&h=238&fm=jpg&auto=compress&fit=crop","price":"12.99","pricePer":null,"purchaseUnit":"11.6 oz"},{"mainCategory":"Prepared","categoryName":"Sides & Salads","subCategoryName":"Salads","title":"Namaste Salad","producer":"MIXT","photoPath":"https://goodeggs4.imgix.net/ef7124a4-b3d5-4e5a-8d04-7b4e4bc297f7.jpg?w=380&h=238&fm=jpg&auto=compress&fit=crop","price":"12.99","pricePer":null,"purchaseUnit":"17.5 oz"},{"mainCategory":"Prepared","categoryName":"Sides & Salads","subCategoryName":"Salads","title":"Greek-Inspired Veggie Rice Bowl","producer":"Green Heart Foods","photoPath":"https://goodeggs4.imgix.net/fa28c038-22f6-4b31-b300-4fc61cf063b7.jpg?w=380&h=238&fm=jpg&auto=compress&fit=crop","price":"8.49","pricePer":"$0.80 / oz","purchaseUnit":"10.5 oz"},{"mainCategory":"Prepared","categoryName":"Sides & Salads","subCategoryName":"Salads","title":"Indian-Inspired Veggie Rice Bowl","producer":"Green Heart Foods","photoPath":"https://goodeggs4.imgix.net/11ffa679-7c12-4a08-8caf-7584890ee4c6.jpg?w=380&h=238&fm=jpg&auto=compress&fit=crop","price":"8.49","pricePer":"$0.77 / oz","purchaseUnit":"10.9 oz"},{"mainCategory":"Prepared","categoryName":"Sides & Salads","subCategoryName":"Side Dishes","title":"Thai Hom Mali 90-Second Brown Rice","producer":"Lundberg Family Farm","photoPath":"https://goodeggs4.imgix.net/d97f523d-1f05-4bd6-9f6a-5c6e8969ab72.jpg?w=380&h=238&fm=jpg&auto=compress&fit=crop","price":"2.99","pricePer":"$5.98 / lb","purchaseUnit":"0.5 lb"},{"mainCategory":"Prepared","categoryName":"Sides & Salads","subCategoryName":"Side Dishes","title":"Thai Hom Mali 90-Second White Rice","producer":"Lundberg Family Farm","photoPath":"https://goodeggs4.imgix.net/295b9228-6547-4171-b812-4bee63ede4fa.jpg?w=380&h=238&fm=jpg&auto=compress&fit=crop","price":"2.99","pricePer":"$5.98 / lb","purchaseUnit":"0.5 lb"},{"mainCategory":"Prepared","categoryName":"Sides & Salads","subCategoryName":"Side Dishes","title":"Spanish Omelette with Spinach","producer":"Lola's Spanish Cuisine","photoPath":"https://goodeggs4.imgix.net/f6a14438-82ec-4642-a347-3c117549c619.jpg?w=380&h=238&fm=jpg&auto=compress&fit=crop","price":"12.99","pricePer":null,"purchaseUnit":"21.16 oz"},{"mainCategory":"Prepared","categoryName":"Sides & Salads","subCategoryName":"Side Dishes","title":"Spanish Omelette with Onion","producer":"Lola's Spanish Cuisine","photoPath":"https://goodeggs4.imgix.net/615f42b5-7f93-4a70-840f-e397cf9189a0.jpg?w=380&h=238&fm=jpg&auto=compress&fit=crop","price":"12.99","pricePer":null,"purchaseUnit":"21.16 oz"},{"mainCategory":"Prepared","categoryName":"Sides & Salads","subCategoryName":"Side Dishes","title":"Stuffed Grape leaves (Dolmas)","producer":"Simurgh Bakery","photoPath":"https://goodeggs4.imgix.net/6628ecd3-caea-41a1-aed3-0ab769a8ae50.jpg?w=380&h=238&fm=jpg&auto=compress&fit=crop","price":"13.99","pricePer":null,"purchaseUnit":"8 count"},{"mainCategory":"Prepared","categoryName":"Sides & Salads","subCategoryName":"Side Dishes","title":"Garlic Bread with Mozzarella Cheese","producer":"Vicolo Pizza","photoPath":"https://goodeggs4.imgix.net/5105d9d7-d45f-43f7-9700-ce88e3638d41.jpg?w=380&h=238&fm=jpg&auto=compress&fit=crop","price":"5.49","pricePer":"$12.11 / lb","purchaseUnit":"3 count"},{"mainCategory":"Prepared","categoryName":"Sides & Salads","subCategoryName":"Side Dishes","title":"Sous-Vide Egg White Bites with Broccoli and Parmesan","producer":"Three Little Pigs","photoPath":"https://goodeggs4.imgix.net/83a8e07d-5dc9-4782-b8ad-19da0ef50411.jpg?w=380&h=238&fm=jpg&auto=compress&fit=crop","price":"5.99","pricePer":"$0.71 / oz","purchaseUnit":"4 count"},{"mainCategory":"Prepared","categoryName":"Sides & Salads","subCategoryName":"Side Dishes","title":"Sous-Vide Egg Bites with Mushroom and Swiss","producer":"Three Little Pigs","photoPath":"https://goodeggs4.imgix.net/f9f75046-c5bf-45b5-a785-3801e6fd8d35.jpg?w=380&h=238&fm=jpg&auto=compress&fit=crop","price":"5.99","pricePer":"$0.71 / oz","purchaseUnit":"4 count"},{"mainCategory":"Prepared","categoryName":"Sides & Salads","subCategoryName":"Side Dishes","title":"Sous-Vide Egg Bite with Spinach and Feta","producer":"Three Little Pigs","photoPath":"https://goodeggs4.imgix.net/be356e9a-81ce-4864-8856-f88a724c2b4f.jpg?w=380&h=238&fm=jpg&auto=compress&fit=crop","price":"5.99","pricePer":"$0.71 / oz","purchaseUnit":"4 count"},{"mainCategory":"Prepared","categoryName":"Sides & Salads","subCategoryName":"Side Dishes","title":"Potato & Sweet Onion Kuku Frittata","producer":"Oyna Natural Foods","photoPath":"https://goodeggs4.imgix.net/53f3b434-079b-479e-aa3c-46b988d4a135.jpg?w=380&h=238&fm=jpg&auto=compress&fit=crop","price":"7.99","pricePer":"$1.33 / oz","purchaseUnit":"6 oz"},{"mainCategory":"Prepared","categoryName":"Sides & Salads","subCategoryName":"Side Dishes","title":"Vegetable & Turmeric Kuku Frittata","producer":"Oyna Natural Foods","photoPath":"https://goodeggs4.imgix.net/7fd3ebcd-0c5b-4494-9028-c42392521fae.jpg?w=380&h=238&fm=jpg&auto=compress&fit=crop","price":"7.99","pricePer":"$1.33 / oz","purchaseUnit":"6 oz"},{"mainCategory":"Prepared","categoryName":"Sides & Salads","subCategoryName":"Side Dishes","title":"Red Lentils with Butternut Squash & Coconut Dal","producer":"Maya Kaimal Fine Indian Foods","photoPath":"https://goodeggs4.imgix.net/ee2745a2-7e1b-11eb-8994-e1a9d560c915?w=380&h=238&fm=jpg&auto=compress&fit=crop","price":"4.99","pricePer":null,"purchaseUnit":"10 oz"},{"mainCategory":"Prepared","categoryName":"Sides & Salads","subCategoryName":"Side Dishes","title":"Spinach & Toasted Walnut Kuku Frittata","producer":"Oyna Natural Foods","photoPath":"https://goodeggs4.imgix.net/dc37c00c-a086-4530-ac09-d3e3e3989802.jpg?w=380&h=238&fm=jpg&auto=compress&fit=crop","price":"7.99","pricePer":"$1.33 / oz","purchaseUnit":"6 oz"},{"mainCategory":"Prepared","categoryName":"Sides & Salads","subCategoryName":"Side Dishes","title":"Turmeric and Cumin Rice","producer":"Maya Kaimal Fine Indian Foods","photoPath":"https://goodeggs4.imgix.net/ee276cb0-7e1b-11eb-8994-e1a9d560c915?w=380&h=238&fm=jpg&auto=compress&fit=crop","price":"3.99","pricePer":null,"purchaseUnit":"8.5 oz"},{"mainCategory":"Prepared","categoryName":"Sides & Salads","subCategoryName":"Side Dishes","title":"Classic Fresh Herb Sabzi Kuku Frittata","producer":"Oyna Natural Foods","photoPath":"https://goodeggs4.imgix.net/11d68319-aa3a-4438-af1b-5451503f7bf8.jpg?w=380&h=238&fm=jpg&auto=compress&fit=crop","price":"9.99","pricePer":"$1.66 / oz","purchaseUnit":"6 oz"},{"mainCategory":"Prepared","categoryName":"Sides & Salads","subCategoryName":"Side Dishes","title":"Tomato, Onion & Cumin Seed Chana Masala","producer":"Maya Kaimal Fine Indian Foods","photoPath":"https://goodeggs4.imgix.net/ee2745a3-7e1b-11eb-8994-e1a9d560c915?w=380&h=238&fm=jpg&auto=compress&fit=crop","price":"4.99","pricePer":null,"purchaseUnit":"10 oz"},{"mainCategory":"Prepared","categoryName":"Sides & Salads","subCategoryName":"Side Dishes","title":"Perfectly Plain Rice","producer":"Maya Kaimal Fine Indian Foods","photoPath":"https://goodeggs4.imgix.net/ee2745a1-7e1b-11eb-8994-e1a9d560c915?w=380&h=238&fm=jpg&auto=compress&fit=crop","price":"3.99","pricePer":null,"purchaseUnit":"8.5 oz"},{"mainCategory":"Prepared","categoryName":"Sides & Salads","subCategoryName":"Side Dishes","title":"Steamed Eggs","producer":"St. John Family Farms","photoPath":"https://goodeggs4.imgix.net/fd3f34e8-a004-4b49-9a8b-c5e43eee8792.jpg?w=380&h=238&fm=jpg&auto=compress&fit=crop","price":"3.99","pricePer":null,"purchaseUnit":"4 count"},{"mainCategory":"Prepared","categoryName":"Sides & Salads","subCategoryName":"Side Dishes","title":"Steamed Eggs with Picnic Egg Salad Dip","producer":"St. John Family Farms","photoPath":"https://goodeggs4.imgix.net/3c013d52-85ae-11eb-b501-af2be9b58b0f?w=380&h=238&fm=jpg&auto=compress&fit=crop","price":"4.99","pricePer":null,"purchaseUnit":"3 count"},{"mainCategory":"Prepared","categoryName":"Sides & Salads","subCategoryName":"Side Dishes","title":"Steamed Eggs with Spicy Jalapeno Dip","producer":"St. John Family Farms","photoPath":"https://goodeggs4.imgix.net/3c013d51-85ae-11eb-b501-af2be9b58b0f?w=380&h=238&fm=jpg&auto=compress&fit=crop","price":"4.99","pricePer":null,"purchaseUnit":"3 count"},{"mainCategory":"Prepared","categoryName":"Sides & Salads","subCategoryName":"Side Dishes","title":"Steamed Eggs with Mustard & Turmeric Dip","producer":"St. John Family Farms","photoPath":"https://goodeggs4.imgix.net/225467a0-85af-11eb-8994-e1a9d560c915?w=380&h=238&fm=jpg&auto=compress&fit=crop","price":"4.99","pricePer":null,"purchaseUnit":"3 count"},{"mainCategory":"Prepared","categoryName":"Sides & Salads","subCategoryName":"Side Dishes","title":"Steamed Eggs with Ranch Dip","producer":"St. John Family Farms","photoPath":"https://goodeggs4.imgix.net/3c013d53-85ae-11eb-b501-af2be9b58b0f?w=380&h=238&fm=jpg&auto=compress&fit=crop","price":"4.99","pricePer":null,"purchaseUnit":"3 count"},{"mainCategory":"Prepared","categoryName":"Sides & Salads","subCategoryName":"Side Dishes","title":"Coconut Rice","producer":"Snapdragon Foods","photoPath":"https://goodeggs4.imgix.net/4457d55c-c5a6-4436-9223-7c775b66855c.jpg?w=380&h=238&fm=jpg&auto=compress&fit=crop","price":"7.99","pricePer":null,"purchaseUnit":"18 oz"},{"mainCategory":"Prepared","categoryName":"Soups & Stews","subCategoryName":"Bone Broths","title":"Turmeric Chicken Bone Broth","producer":"Nona Lim","photoPath":"https://goodeggs4.imgix.net/a6a61be0-a975-4c74-a5e5-d140943833a9.jpg?w=380&h=238&fm=jpg&auto=compress&fit=crop","price":"8.99","pricePer":"$0.45 / fl oz","purchaseUnit":"20 fl oz"},{"mainCategory":"Prepared","categoryName":"Soups & Stews","subCategoryName":"Bone Broths","title":"Spicy Chicken Ramen Bone Broth","producer":"Nona Lim","photoPath":"https://goodeggs4.imgix.net/f851d985-3854-43cc-9943-6c05470eeabc.jpg?w=380&h=238&fm=jpg&auto=compress&fit=crop","price":"8.99","pricePer":"$0.45 / fl oz","purchaseUnit":"20 fl oz"},{"mainCategory":"Prepared","categoryName":"Soups & Stews","subCategoryName":"Bone Broths","title":"Turkey Bone Broth","producer":"Mama Tong","photoPath":"https://goodeggs4.imgix.net/607db260-40d5-40d9-823e-028d8ebbe1fb.jpg?w=380&h=238&fm=jpg&auto=compress&fit=crop","price":"19.99","pricePer":"$0.62 / fl oz","purchaseUnit":"32 fl oz"},{"mainCategory":"Prepared","categoryName":"Soups & Stews","subCategoryName":"Bone Broths","title":"Ginger Chicken Bone Broth","producer":"Mama Tong","photoPath":"https://goodeggs4.imgix.net/e76508e0-2d70-47ca-81af-08f8f238e724.jpg?w=380&h=238&fm=jpg&auto=compress&fit=crop","price":"11.49","pricePer":"$0.71 / fl oz","purchaseUnit":"16 fl oz"},{"mainCategory":"Prepared","categoryName":"Soups & Stews","subCategoryName":"Bone Broths","title":"Chicken Bone Broth","producer":"Mama Tong","photoPath":"https://goodeggs4.imgix.net/a23c1ad2-20cd-414a-b983-810b72f1e061.jpg?w=380&h=238&fm=jpg&auto=compress&fit=crop","price":"22.99","pricePer":"$0.71 / fl oz","purchaseUnit":"32 fl oz"},{"mainCategory":"Prepared","categoryName":"Soups & Stews","subCategoryName":"Bone Broths","title":"Organic Chicken Bone Broth","producer":"Kitchen Witch","photoPath":"https://goodeggs4.imgix.net/343e200c-7472-4f59-aff5-826c82ac0e79.jpg?w=380&h=238&fm=jpg&auto=compress&fit=crop","price":"10.99","pricePer":"$0.68 / fl oz","purchaseUnit":"16 fl oz"},{"mainCategory":"Prepared","categoryName":"Soups & Stews","subCategoryName":"Bone Broths","title":"Freeze-Dried Chicken Bone Broth","producer":"Wander Broth","photoPath":"https://goodeggs4.imgix.net/dccec466-01c4-49c9-9f53-2338e1e6ddd1.jpg?w=380&h=238&fm=jpg&auto=compress&fit=crop","price":"4.99","pricePer":"$7.92 / oz","purchaseUnit":"1 count"},{"mainCategory":"Prepared","categoryName":"Soups & Stews","subCategoryName":"Bone Broths","title":"Organic Freeze-Dried Chicken Bone Broth (Bulk)","producer":"Wander Broth","photoPath":"https://goodeggs4.imgix.net/2bc18c58-8960-4b7e-935b-a101350ac4ed.jpg?w=380&h=238&fm=jpg&auto=compress&fit=crop","price":"49.99","pricePer":"$7.30 / oz","purchaseUnit":"6.84 oz"},{"mainCategory":"Prepared","categoryName":"Soups & Stews","subCategoryName":"Bone Broths","title":"Organic Beef Bone Broth","producer":"Kitchen Witch","photoPath":"https://goodeggs4.imgix.net/e89d72f3-e002-42f0-8393-69cd754aaeac.jpg?w=380&h=238&fm=jpg&auto=compress&fit=crop","price":"12.99","pricePer":"$0.81 / fl oz","purchaseUnit":"16 fl oz"},{"mainCategory":"Prepared","categoryName":"Soups & Stews","subCategoryName":"Bone Broths","title":"Freeze-Dried Grass-Fed Beef Bone Broth","producer":"Wander Broth","photoPath":"https://goodeggs4.imgix.net/91a20eb2-acc5-4ee4-8ad4-7f9ffdd44a62.jpg?w=380&h=238&fm=jpg&auto=compress&fit=crop","price":"4.99","pricePer":"$7.92 / oz","purchaseUnit":"1 count"},{"mainCategory":"Prepared","categoryName":"Soups & Stews","subCategoryName":"Soup Cups","title":"Turmeric Chicken Bone Broth Cup","producer":"Nona Lim","photoPath":"https://goodeggs4.imgix.net/472346f7-b04b-462f-b598-51aad166a4d1.jpg?w=380&h=238&fm=jpg&auto=compress&fit=crop","price":"5.49","pricePer":"$0.54 / fl oz","purchaseUnit":"10 fl oz"},{"mainCategory":"Prepared","categoryName":"Soups & Stews","subCategoryName":"Soup Cups","title":"Vegan Indian Lentil Soup Cup","producer":"Nona Lim","photoPath":"https://goodeggs4.imgix.net/594d0204-4e9b-4731-8a1a-28aac1628da1.jpg?w=380&h=238&fm=jpg&auto=compress&fit=crop","price":"3.99","pricePer":"$0.40 / fl oz","purchaseUnit":"10 fl oz"},{"mainCategory":"Prepared","categoryName":"Soups & Stews","subCategoryName":"Soup Cups","title":"Carrot Ginger Soup Cup","producer":"Nona Lim","photoPath":"https://goodeggs4.imgix.net/83d86d6f-6a6b-46d8-9335-1703cc8771f4.jpg?w=380&h=238&fm=jpg&auto=compress&fit=crop","price":"3.99","pricePer":"$0.40 / fl oz","purchaseUnit":"10 fl oz"},{"mainCategory":"Prepared","categoryName":"Soups & Stews","subCategoryName":"Soup Cups","title":"Tomato & Thai Basil Soup Cup","producer":"Nona Lim","photoPath":"https://goodeggs4.imgix.net/ddccfd8f-9f65-4f81-944b-4bab24a0fed1.jpg?w=380&h=238&fm=jpg&auto=compress&fit=crop","price":"3.99","pricePer":"$0.40 / fl oz","purchaseUnit":"10 fl oz"},{"mainCategory":"Prepared","categoryName":"Soups & Stews","subCategoryName":"Soup Cups","title":"Shiitake Beef Bone Broth Cup","producer":"Nona Lim","photoPath":"https://goodeggs4.imgix.net/e8be6c87-bb9f-4273-8766-a5423f185209.jpg?w=380&h=238&fm=jpg&auto=compress&fit=crop","price":"5.49","pricePer":"$0.54 / fl oz","purchaseUnit":"10 fl oz"},{"mainCategory":"Prepared","categoryName":"Soups & Stews","subCategoryName":"Soup Cups","title":"Miso Broth Cup","producer":"Nona Lim","photoPath":"https://goodeggs4.imgix.net/f4d92170-74e3-4fad-8820-df4bbfcced92.jpg?w=380&h=238&fm=jpg&auto=compress&fit=crop","price":"3.99","pricePer":"$0.40 / fl oz","purchaseUnit":"10 fl oz"},{"mainCategory":"Prepared","categoryName":"Soups & Stews","subCategoryName":"Soup Cups","title":"Coconut Lime Chicken Broth Cup","producer":"Nona Lim","photoPath":"https://goodeggs4.imgix.net/fb6ec1be-9ea4-465b-b356-cc862d95964e.jpg?w=380&h=238&fm=jpg&auto=compress&fit=crop","price":"4.49","pricePer":"$0.45 / fl oz","purchaseUnit":"10 fl oz"},{"mainCategory":"Prepared","categoryName":"Soups & Stews","subCategoryName":"Soup Cups","title":"Vietnamese Pho Broth Cup","producer":"Nona Lim","photoPath":"https://goodeggs4.imgix.net/90d14e6d-3d20-4db3-8ea6-3461dda0dc9e.jpg?w=380&h=238&fm=jpg&auto=compress&fit=crop","price":"3.99","pricePer":"$0.40 / fl oz","purchaseUnit":"10 fl oz"},{"mainCategory":"Prepared","categoryName":"Soups & Stews","subCategoryName":"Soups & Stews","title":"Coconut Lime Chicken Bone Broth","producer":"Nona Lim","photoPath":"https://goodeggs4.imgix.net/327ae71a-3dc2-4bb4-8d65-31e31ce04524.jpg?w=380&h=238&fm=jpg&auto=compress&fit=crop","price":"8.99","pricePer":"$0.45 / fl oz","purchaseUnit":"20 fl oz"},{"mainCategory":"Prepared","categoryName":"Soups & Stews","subCategoryName":"Soups & Stews","title":"Tomato Soup with Fennel","producer":"Souperb","photoPath":"https://goodeggs4.imgix.net/d6676399-12a3-4163-a514-22adb2d08f07.jpg?w=380&h=238&fm=jpg&auto=compress&fit=crop","price":"8.49","pricePer":null,"purchaseUnit":"24 oz"},{"mainCategory":"Prepared","categoryName":"Soups & Stews","subCategoryName":"Soups & Stews","title":"Organic Creamy Tomato Soup","producer":"Pacific Foods","photoPath":"https://goodeggs4.imgix.net/e9d9ef0a-91c6-497c-8818-3a77ae6bad45.jpg?w=380&h=238&fm=jpg&auto=compress&fit=crop","price":"4.99","pricePer":"$0.16 / fl oz","purchaseUnit":"32 fl oz"},{"mainCategory":"Prepared","categoryName":"Soups & Stews","subCategoryName":"Soups & Stews","title":"Organic Roasted Red Pepper & Tomato Soup","producer":"Pacific Foods","photoPath":"https://goodeggs4.imgix.net/3f198690-46a1-4d04-801b-b74ca100ead9.jpg?w=380&h=238&fm=jpg&auto=compress&fit=crop","price":"5.49","pricePer":"$0.17 / fl oz","purchaseUnit":"32 fl oz"},{"mainCategory":"Prepared","categoryName":"Soups & Stews","subCategoryName":"Soups & Stews","title":"Organic Cream of Mushroom","producer":"Pacific Foods","photoPath":"https://goodeggs4.imgix.net/f8bd38d4-7175-49bd-b251-63bfab5ea642.jpg?w=380&h=238&fm=jpg&auto=compress&fit=crop","price":"3.49","pricePer":"$0.33 / fl oz","purchaseUnit":"10.5 fl oz"},{"mainCategory":"Prepared","categoryName":"Soups & Stews","subCategoryName":"Soups & Stews","title":"Qing Ji Tong: Herbal Chicken Soup","producer":"Mama Tong","photoPath":"https://goodeggs4.imgix.net/4fd6e805-9ea4-4516-b7ab-7f42e235704a.jpg?w=380&h=238&fm=jpg&auto=compress&fit=crop","price":"13.79","pricePer":"$0.86 / fl oz","purchaseUnit":"16 fl oz"},{"mainCategory":"Prepared","categoryName":"Soups & Stews","subCategoryName":"Soups & Stews","title":"Organic Chicken & Wild Rice Soup","producer":"Pacific Foods","photoPath":"https://goodeggs4.imgix.net/6fa01e76-5650-4b1e-873a-4c4881a1cf8a.jpg?w=380&h=238&fm=jpg&auto=compress&fit=crop","price":"3.99","pricePer":"$0.23 / fl oz","purchaseUnit":"17 fl oz"},{"mainCategory":"Prepared","categoryName":"Soups & Stews","subCategoryName":"Soups & Stews","title":"Organic Chicken Noodle Soup","producer":"Pacific Foods","photoPath":"https://goodeggs4.imgix.net/f01b5954-c28b-472b-b189-2c03d2023ca8.jpg?w=380&h=238&fm=jpg&auto=compress&fit=crop","price":"4.99","pricePer":"$0.29 / fl oz","purchaseUnit":"17 fl oz"},{"mainCategory":"Prepared","categoryName":"Soups & Stews","subCategoryName":"Soups & Stews","title":"Sister-in-law’s Chicken Curry","producer":"Mama Tong","photoPath":"https://goodeggs4.imgix.net/0d806a94-e80e-441c-bd1e-4200d35a11f6.jpg?w=380&h=238&fm=jpg&auto=compress&fit=crop","price":"14.99","pricePer":"$0.93 / fl oz","purchaseUnit":"16 fl oz"},{"mainCategory":"Prepared","categoryName":"Soups & Stews","subCategoryName":"Soups & Stews","title":"Organic Bone Broth Hearty Italian Vegetable Soup","producer":"Pacific Foods","photoPath":"https://goodeggs4.imgix.net/3537bcef-8682-466d-be29-d2cd967ee6ed.jpg?w=380&h=238&fm=jpg&auto=compress&fit=crop","price":"5.49","pricePer":"$0.32 / fl oz","purchaseUnit":"17 fl oz"},{"mainCategory":"Prepared","categoryName":"Soups & Stews","subCategoryName":"Soups & Stews","title":"Herbal Chicken Soup Kit","producer":"Mama Tong","photoPath":"https://goodeggs4.imgix.net/bffcdd17-237c-45b1-ad99-b806abe6c142.jpg?w=380&h=238&fm=jpg&auto=compress&fit=crop","price":"25.99","pricePer":null,"purchaseUnit":"26 oz"},{"mainCategory":"Prepared","categoryName":"Soups & Stews","subCategoryName":"Soups & Stews","title":"Carrot Soup with Pistachio & Tarragon","producer":"Souperb","photoPath":"https://goodeggs4.imgix.net/42f6c3f2-f561-4165-af45-3b63713ec7c3.jpg?w=380&h=238&fm=jpg&auto=compress&fit=crop","price":"8.49","pricePer":"$0.35 / fl oz","purchaseUnit":"24 fl oz"},{"mainCategory":"Prepared","categoryName":"Soups & Stews","subCategoryName":"Soups & Stews","title":"Organic Lentil Soup","producer":"Amy's Kitchen","photoPath":"https://goodeggs4.imgix.net/492be3ed-f459-4518-9e3e-4bbf4e4f10ce.jpg?w=380&h=238&fm=jpg&auto=compress&fit=crop","price":"3.49","pricePer":"$0.24 / oz","purchaseUnit":"14.5 oz"},{"mainCategory":"Prepared","categoryName":"Soups & Stews","subCategoryName":"Soups & Stews","title":"Curry Cauliflower Soup","producer":"Souperb","photoPath":"https://goodeggs4.imgix.net/34fb1458-c855-4fcf-8d2f-06a3064f888e.jpg?w=380&h=238&fm=jpg&auto=compress&fit=crop","price":"8.49","pricePer":"$0.35 / fl oz","purchaseUnit":"24 fl oz"},{"mainCategory":"Prepared","categoryName":"Soups & Stews","subCategoryName":"Soups & Stews","title":"Organic Low-Sodium Lentil Vegetable Soup","producer":"Amy's Kitchen","photoPath":"https://goodeggs4.imgix.net/a9155acd-9b2d-415b-b308-85e1082e4e2b.jpg?w=380&h=238&fm=jpg&auto=compress&fit=crop","price":"3.49","pricePer":"$0.24 / oz","purchaseUnit":"14.5 oz"},{"mainCategory":"Prepared","categoryName":"Soups & Stews","subCategoryName":"Soups & Stews","title":"Organic Low-Fat Alphabet Soup","producer":"Amy's Kitchen","photoPath":"https://goodeggs4.imgix.net/3d7e2259-062d-49a9-ae68-58fad0c20071.jpg?w=380&h=238&fm=jpg&auto=compress&fit=crop","price":"3.49","pricePer":"$0.25 / oz","purchaseUnit":"14.1 oz"},{"mainCategory":"Prepared","categoryName":"Soups & Stews","subCategoryName":"Soups & Stews","title":"Organic Creamy Tomato Basil Soup","producer":"Pacific Foods","photoPath":"https://goodeggs4.imgix.net/ce122270-bb6e-4999-b626-9e586987b897.jpg?w=380&h=238&fm=jpg&auto=compress&fit=crop","price":"4.99","pricePer":"$0.16 / fl oz","purchaseUnit":"32 fl oz"},{"mainCategory":"Prepared","categoryName":"Soups & Stews","subCategoryName":"Soups & Stews","title":"Birthday Seaweed Soup","producer":"Mama Tong","photoPath":"https://goodeggs4.imgix.net/160c0d17-6300-4ab5-8d4b-04d9d6ab1757.jpg?w=380&h=238&fm=jpg&auto=compress&fit=crop","price":"9.49","pricePer":"$0.59 / fl oz","purchaseUnit":"16 fl oz"},{"mainCategory":"Prepared","categoryName":"Soups & Stews","subCategoryName":"Soups & Stews","title":"Seasonal Squash & Azuki Bean Soup","producer":"Mama Tong","photoPath":"https://goodeggs4.imgix.net/a16a80e1-62bf-4f50-8767-af85980fb6ba.jpg?w=380&h=238&fm=jpg&auto=compress&fit=crop","price":"9.49","pricePer":"$0.59 / fl oz","purchaseUnit":"16 fl oz"},{"mainCategory":"Prepared","categoryName":"Soups & Stews","subCategoryName":"Soups & Stews","title":"Organic Low Fat Chunky Vegetable Soup","producer":"Amy's Kitchen","photoPath":"https://goodeggs4.imgix.net/5a9c37e4-ac41-4ca9-bc4e-c20177ff4d60.jpg?w=380&h=238&fm=jpg&auto=compress&fit=crop","price":"3.49","pricePer":"$0.24 / oz","purchaseUnit":"14.3 oz"},{"mainCategory":"Prepared","categoryName":"Soups & Stews","subCategoryName":"Soups & Stews","title":"Mushroom & Yiyiren Soup","producer":"Mama Tong","photoPath":"https://goodeggs4.imgix.net/4e7e42e2-4d59-4f72-8355-f0313d4fc8d1.jpg?w=380&h=238&fm=jpg&auto=compress&fit=crop","price":"12.49","pricePer":"$0.78 / fl oz","purchaseUnit":"16 fl oz"},{"mainCategory":"Prepared","categoryName":"Soups & Stews","subCategoryName":"Soups & Stews","title":"Organic Cream of Mushroom Soup","producer":"Amy's Kitchen","photoPath":"https://goodeggs4.imgix.net/f53c1a88-effa-411a-a7d4-6a2e8d66001a.jpg?w=380&h=238&fm=jpg&auto=compress&fit=crop","price":"3.99","pricePer":"$0.28 / oz","purchaseUnit":"14.1 oz"},{"mainCategory":"Prepared","categoryName":"Soups & Stews","subCategoryName":"Soups & Stews","title":"No-Chicken Noodle Soup","producer":"Amy's Kitchen","photoPath":"https://goodeggs4.imgix.net/832b410a-b75e-4c0b-a57d-b259e300f923.jpg?w=380&h=238&fm=jpg&auto=compress&fit=crop","price":"3.49","pricePer":"$0.25 / oz","purchaseUnit":"14.1 oz"},{"mainCategory":"Prepared","categoryName":"Soups & Stews","subCategoryName":"Soups & Stews","title":"Sister-in-Law’s Vegan Curry Simmer Sauce","producer":"Mama Tong","photoPath":"https://goodeggs4.imgix.net/01f2b4b3-b161-41a1-9982-56d499af6129.jpg?w=380&h=238&fm=jpg&auto=compress&fit=crop","price":"13.49","pricePer":"$0.84 / fl oz","purchaseUnit":"16 fl oz"},{"mainCategory":"Prepared","categoryName":"Soups & Stews","subCategoryName":"Soups & Stews","title":"Organic Creamy Butternut Squash Soup","producer":"Pacific Foods","photoPath":"https://goodeggs4.imgix.net/74525e26-4318-4770-91d6-4438c288922d.jpg?w=380&h=238&fm=jpg&auto=compress&fit=crop","price":"4.99","pricePer":"$0.16 / fl oz","purchaseUnit":"32 fl oz"},{"mainCategory":"Prepared","categoryName":"Soups & Stews","subCategoryName":"Soups & Stews","title":"Spicy Chicken Miso Ramen Noodle Bowl","producer":"Nona Lim","photoPath":"https://goodeggs4.imgix.net/b90ab37e-d72c-4c50-803d-afb4ea21ddba.jpg?w=380&h=238&fm=jpg&auto=compress&fit=crop","price":"7.99","pricePer":"$0.59 / oz","purchaseUnit":"13.5 oz"},{"mainCategory":"Prepared","categoryName":"Soups & Stews","subCategoryName":"Soups & Stews","title":"Plant-Based Dan Dan Noodle Bowl","producer":"Nona Lim","photoPath":"https://goodeggs4.imgix.net/09d5f821-78e5-416c-8a15-0758c7b885b1.jpg?w=380&h=238&fm=jpg&auto=compress&fit=crop","price":"7.99","pricePer":"$0.76 / oz","purchaseUnit":"10.5 oz"},{"mainCategory":"Prepared","categoryName":"Soups & Stews","subCategoryName":"Soups & Stews","title":"Green Curry Noodle Bowl","producer":"Nona Lim","photoPath":"https://goodeggs4.imgix.net/67b49ee0-da9c-4c00-a160-b87283b7156b.jpg?w=380&h=238&fm=jpg&auto=compress&fit=crop","price":"7.49","pricePer":"$0.55 / oz","purchaseUnit":"13.5 oz"},{"mainCategory":"Prepared","categoryName":"Soups & Stews","subCategoryName":"Soups & Stews","title":"Japanese Spicy Chicken Ramen Cup","producer":"One Culture Foods","photoPath":"https://goodeggs4.imgix.net/6f19d0a7-1b91-4002-b194-db9b0564f966.jpg?w=380&h=238&fm=jpg&auto=compress&fit=crop","price":"3.49","pricePer":"$0.83 / oz","purchaseUnit":"4.2 oz"},{"mainCategory":"Prepared","categoryName":"Soups & Stews","subCategoryName":"Soups & Stews","title":"Vietnamese Beef Pho Cup","producer":"One Culture Foods","photoPath":"https://goodeggs4.imgix.net/a3dc6998-b050-461e-9a7b-293f61fdb20b.jpg?w=380&h=238&fm=jpg&auto=compress&fit=crop","price":"3.49","pricePer":"$1.83 / oz","purchaseUnit":"1.9 oz"},{"mainCategory":"Prepared","categoryName":"Soups & Stews","subCategoryName":"Soups & Stews","title":"Chinese Chicken Noodle Soup Cup","producer":"One Culture Foods","photoPath":"https://goodeggs4.imgix.net/ec0808ed-8e8d-44d9-a496-7b1b5ad76ccf.jpg?w=380&h=238&fm=jpg&auto=compress&fit=crop","price":"3.49","pricePer":"$0.83 / oz","purchaseUnit":"4.2 oz"},{"mainCategory":"Prepared","categoryName":"Soups & Stews","subCategoryName":"Soups & Stews","title":"New Mama Care Package","producer":"Mama Tong","photoPath":"https://goodeggs4.imgix.net/69b07955-3332-4810-b1f1-363f75ef46fb.jpg?w=380&h=238&fm=jpg&auto=compress&fit=crop","price":"37.99","pricePer":"$0.59 / fl oz","purchaseUnit":"4 count"},{"mainCategory":"Prepared","categoryName":"Soups & Stews","subCategoryName":"Soups & Stews","title":"Matzo Ball Soup","producer":"Wise Sons Jewish Delicatessen","photoPath":"https://goodeggs4.imgix.net/98a7c83c-26df-42ea-afa1-0c77befd45fe.jpg?w=380&h=238&fm=jpg&auto=compress&fit=crop","price":"13.99","pricePer":null,"purchaseUnit":"32 oz"},{"mainCategory":"Prepared","categoryName":"Pasta & Sauce","subCategoryName":"Ravioli & Tortellini","title":"Three Cheese Ravioli","producer":"The Pasta Shop","photoPath":"https://goodeggs4.imgix.net/5da7d56c-5a6e-41ff-a2e8-ba0ba2a96800.jpg?w=380&h=238&fm=jpg&auto=compress&fit=crop","price":"8.99","pricePer":"$11.98 / lb","purchaseUnit":"12 oz"},{"mainCategory":"Prepared","categoryName":"Pasta & Sauce","subCategoryName":"Ravioli & Tortellini","title":"Porcini & Black Truffle Ravioli","producer":"The Pasta Shop","photoPath":"https://goodeggs4.imgix.net/def453a2-65d0-4458-a0ac-d752bdf35fd7.jpg?w=380&h=238&fm=jpg&auto=compress&fit=crop","price":"10.49","pricePer":"$13.98 / lb","purchaseUnit":"12 oz"},{"mainCategory":"Prepared","categoryName":"Pasta & Sauce","subCategoryName":"Ravioli & Tortellini","title":"Tri-Color Cheese Tortellini","producer":"The Pasta Shop","photoPath":"https://goodeggs4.imgix.net/0861caea-9b7f-48db-a021-02eba0d67a8d.jpg?w=380&h=238&fm=jpg&auto=compress&fit=crop","price":"8.39","pricePer":"$11.18 / lb","purchaseUnit":"12 oz"},{"mainCategory":"Prepared","categoryName":"Pasta & Sauce","subCategoryName":"Ravioli & Tortellini","title":"Cheese Tortelloni","producer":"The Pasta Shop","photoPath":"https://goodeggs4.imgix.net/83f5e7d4-b1d5-41ff-966d-4a1a6a9f6220.jpg?w=380&h=238&fm=jpg&auto=compress&fit=crop","price":"7.99","pricePer":"$10.65 / lb","purchaseUnit":"12 oz"},{"mainCategory":"Prepared","categoryName":"Pasta & Sauce","subCategoryName":"Ravioli & Tortellini","title":"Fresh Sweet Pea & Mint Ravioli","producer":"The Pasta Shop","photoPath":"https://goodeggs4.imgix.net/ec6c6d9c-a870-4cf5-8b30-726979c5716f.jpg?w=380&h=238&fm=jpg&auto=compress&fit=crop","price":"10.99","pricePer":"$14.65 / lb","purchaseUnit":"12 oz"},{"mainCategory":"Prepared","categoryName":"Pasta & Sauce","subCategoryName":"Ravioli & Tortellini","title":"Sweet Onion & Red Chard Ravioli","producer":"The Pasta Shop","photoPath":"https://goodeggs4.imgix.net/d5d84ee5-7dc3-44a1-91c2-39861d77dcbd.jpg?w=380&h=238&fm=jpg&auto=compress&fit=crop","price":"8.99","pricePer":"$11.98 / lb","purchaseUnit":"12 oz"},{"mainCategory":"Prepared","categoryName":"Pasta & Sauce","subCategoryName":"Ravioli & Tortellini","title":"Wild Mushroom Tortelloni","producer":"The Pasta Shop","photoPath":"https://goodeggs4.imgix.net/2db254ff-90f6-45da-92bd-3ee427f582c3.jpg?w=380&h=238&fm=jpg&auto=compress&fit=crop","price":"8.99","pricePer":"$11.98 / lb","purchaseUnit":"12 oz"},{"mainCategory":"Prepared","categoryName":"Pasta & Sauce","subCategoryName":"Ravioli & Tortellini","title":"Organic Spinach & Cheese Ravioli","producer":"Rising Moon","photoPath":"https://goodeggs4.imgix.net/5be4fb4e-8dba-4cf7-a60b-32b8476af99d.jpg?w=380&h=238&fm=jpg&auto=compress&fit=crop","price":"5.69","pricePer":"$11.38 / lb","purchaseUnit":"8 oz"},{"mainCategory":"Prepared","categoryName":"Pasta & Sauce","subCategoryName":"Ravioli & Tortellini","title":"Vegan Mushroom & Caramelized Onion Ravioli","producer":"The Pasta Shop","photoPath":"https://goodeggs4.imgix.net/ffddf3ca-74d9-4ea2-8928-1ab265cc8548.jpg?w=380&h=238&fm=jpg&auto=compress&fit=crop","price":"9.99","pricePer":"$13.32 / lb","purchaseUnit":"12 oz"},{"mainCategory":"Prepared","categoryName":"Pasta & Sauce","subCategoryName":"Ravioli & Tortellini","title":"Organic Cheese Tortelloni","producer":"Rising Moon","photoPath":"https://goodeggs4.imgix.net/9a101f31-c9e7-4358-b53e-13be5dfa8453.jpg?w=380&h=238&fm=jpg&auto=compress&fit=crop","price":"5.69","pricePer":"$11.38 / lb","purchaseUnit":"8 oz"},{"mainCategory":"Prepared","categoryName":"Pasta & Sauce","subCategoryName":"Ravioli & Tortellini","title":"Dairy-Free Ricotta Tortellini","producer":"Kite Hill","photoPath":"https://goodeggs4.imgix.net/a53e9b44-af72-401d-8f82-19c62c64699a.jpg?w=380&h=238&fm=jpg&auto=compress&fit=crop","price":"7.69","pricePer":"$0.85 / oz","purchaseUnit":"9 oz"},{"mainCategory":"Prepared","categoryName":"Pasta & Sauce","subCategoryName":"Ravioli & Tortellini","title":"Dairy-Free Spinach Ravioli","producer":"Kite Hill","photoPath":"https://goodeggs4.imgix.net/6ed21f3f-d8e6-461c-bf41-e387f2776e57.jpg?w=380&h=238&fm=jpg&auto=compress&fit=crop","price":"6.99","pricePer":"$0.77 / oz","purchaseUnit":"9 oz"},{"mainCategory":"Prepared","categoryName":"Pasta & Sauce","subCategoryName":"Ravioli & Tortellini","title":"Dairy-Free Mushroom Ravioli","producer":"Kite Hill","photoPath":"https://goodeggs4.imgix.net/3375bb02-5526-4b76-aadc-b8b687f9d399.jpg?w=380&h=238&fm=jpg&auto=compress&fit=crop","price":"6.99","pricePer":"$0.77 / oz","purchaseUnit":"9 oz"},{"mainCategory":"Prepared","categoryName":"Pasta & Sauce","subCategoryName":"Ravioli & Tortellini","title":"Dairy-Free Tortelloni","producer":"The Pasta Shop","photoPath":"https://goodeggs4.imgix.net/cedba30d-f8f7-4d27-bac6-47f8ea196acc.jpg?w=380&h=238&fm=jpg&auto=compress&fit=crop","price":"8.99","pricePer":"$11.98 / lb","purchaseUnit":"12 oz"},{"mainCategory":"Prepared","categoryName":"Pasta & Sauce","subCategoryName":"Ravioli & Tortellini","title":"Vegan Roasted Artichoke & Spinach Ravioli","producer":"The Pasta Shop","photoPath":"https://goodeggs4.imgix.net/286698f1-cb24-4ea0-bc17-6ba923835abc.jpg?w=380&h=238&fm=jpg&auto=compress&fit=crop","price":"8.99","pricePer":"$11.98 / lb","purchaseUnit":"12 oz"},{"mainCategory":"Prepared","categoryName":"Pasta & Sauce","subCategoryName":"Pasta Sauce","title":"Organic Marinara Sauce","producer":"Bianco Di Napoli ","photoPath":"https://goodeggs4.imgix.net/f02a2668-73a1-4fe3-a872-9e1a7c95acb5.jpg?w=380&h=238&fm=jpg&auto=compress&fit=crop","price":"5.99","pricePer":"$0.25 / oz","purchaseUnit":"24 oz"},{"mainCategory":"Prepared","categoryName":"Pasta & Sauce","subCategoryName":"Pasta Sauce","title":"Organic Pizza Sauce","producer":"Sonoma Gourmet","photoPath":"https://goodeggs4.imgix.net/6ecd358f-df61-46c8-a05c-2127ef00953e.jpg?w=380&h=238&fm=jpg&auto=compress&fit=crop","price":"3.99","pricePer":"$0.33 / oz","purchaseUnit":"12 oz"},{"mainCategory":"Prepared","categoryName":"Pasta & Sauce","subCategoryName":"Pasta Sauce","title":"Marinara Sauce","producer":"The Pasta Shop","photoPath":"https://goodeggs4.imgix.net/d4ecf7d5-81a6-47e3-b8fe-d1e293b784e1.jpg?w=380&h=238&fm=jpg&auto=compress&fit=crop","price":"6.39","pricePer":"$0.40 / oz","purchaseUnit":"16 oz"},{"mainCategory":"Prepared","categoryName":"Pasta & Sauce","subCategoryName":"Pasta Sauce","title":"Organic Tomato Basil Pasta Sauce","producer":"Muir Glen Organic","photoPath":"https://goodeggs4.imgix.net/0ecd1b42-6e9f-4756-a372-467fae63f79c.jpg?w=380&h=238&fm=jpg&auto=compress&fit=crop","price":"3.99","pricePer":"$0.16 / oz","purchaseUnit":"25.5 oz"},{"mainCategory":"Prepared","categoryName":"Pasta & Sauce","subCategoryName":"Pasta Sauce","title":"Roasted Tomato Arrabbiata Sauce","producer":"The Pasta Shop","photoPath":"https://goodeggs4.imgix.net/4e88b3b8-2c60-4436-8811-aaa49f5cce1d.jpg?w=380&h=238&fm=jpg&auto=compress&fit=crop","price":"6.99","pricePer":"$0.44 / oz","purchaseUnit":"16 oz"},{"mainCategory":"Prepared","categoryName":"Pasta & Sauce","subCategoryName":"Pasta Sauce","title":"Organic Italian Herb Pasta Sauce","producer":"Muir Glen Organic","photoPath":"https://goodeggs4.imgix.net/47836636-24a9-478e-a370-413284113eeb.jpg?w=380&h=238&fm=jpg&auto=compress&fit=crop","price":"3.99","pricePer":"$0.16 / oz","purchaseUnit":"25.5 oz"},{"mainCategory":"Prepared","categoryName":"Pasta & Sauce","subCategoryName":"Pasta Sauce","title":"Organic Cherry Tomato & Basil Sauce","producer":"Sonoma Gourmet","photoPath":"https://goodeggs4.imgix.net/3553c053-de7e-45c2-88e8-868e70832b9b.jpg?w=380&h=238&fm=jpg&auto=compress&fit=crop","price":"9.99","pricePer":"$0.40 / oz","purchaseUnit":"25 oz"},{"mainCategory":"Prepared","categoryName":"Pasta & Sauce","subCategoryName":"Pasta Sauce","title":"Organic Roasted Vegetable Pasta Sauce","producer":"Sonoma Gourmet","photoPath":"https://goodeggs4.imgix.net/26d9b2e2-382c-4a19-a46e-a010621a89ca.jpg?w=380&h=238&fm=jpg&auto=compress&fit=crop","price":"9.99","pricePer":"$0.40 / oz","purchaseUnit":"25 oz"},{"mainCategory":"Prepared","categoryName":"Pasta & Sauce","subCategoryName":"Pasta Sauce","title":"Organic Vodka & Cream Tomato Sauce","producer":"Sonoma Gourmet","photoPath":"https://goodeggs4.imgix.net/3d29d115-9716-4a64-bc58-1ccee46900ab.jpg?w=380&h=238&fm=jpg&auto=compress&fit=crop","price":"9.99","pricePer":"$0.40 / oz","purchaseUnit":"25 oz"},{"mainCategory":"Prepared","categoryName":"Pasta & Sauce","subCategoryName":"Pasta Sauce","title":"Organic Roasted Garlic Pasta Sauce","producer":"Muir Glen Organic","photoPath":"https://goodeggs4.imgix.net/94b31277-dd4f-43c3-bc9c-7c1d54a34fcb.jpg?w=380&h=238&fm=jpg&auto=compress&fit=crop","price":"3.99","pricePer":"$0.16 / oz","purchaseUnit":"25.5 oz"},{"mainCategory":"Prepared","categoryName":"Pasta & Sauce","subCategoryName":"Pasta Sauce","title":"Basil Pesto","producer":"Bolani","photoPath":"https://goodeggs4.imgix.net/9e01bbce-9a40-4101-9ccc-a4a4976f821f.jpg?w=380&h=238&fm=jpg&auto=compress&fit=crop","price":"6.99","pricePer":"$0.87 / oz","purchaseUnit":"8 oz"},{"mainCategory":"Prepared","categoryName":"Pasta & Sauce","subCategoryName":"Pasta Sauce","title":"Arugula Parsley Pesto Sauce","producer":"The Pasta Shop","photoPath":"https://goodeggs4.imgix.net/6bf9ee13-4923-4e58-b014-23f10ec3f962.jpg?w=380&h=238&fm=jpg&auto=compress&fit=crop","price":"6.99","pricePer":"$0.87 / oz","purchaseUnit":"8 oz"},{"mainCategory":"Prepared","categoryName":"Pasta & Sauce","subCategoryName":"Pasta Sauce","title":"Sun-Dried Tomato Pesto","producer":"Bolani","photoPath":"https://goodeggs4.imgix.net/4b7d3f7d-7336-46b8-ba85-215bf1b67a7b.jpg?w=380&h=238&fm=jpg&auto=compress&fit=crop","price":"6.99","pricePer":"$0.87 / oz","purchaseUnit":"8 oz"},{"mainCategory":"Prepared","categoryName":"Pasta & Sauce","subCategoryName":"Pasta Sauce","title":"Cilantro Pesto","producer":"Bolani","photoPath":"https://goodeggs4.imgix.net/fcfc151d-5891-4a15-99a9-0bdb194090f9.jpg?w=380&h=238&fm=jpg&auto=compress&fit=crop","price":"6.99","pricePer":"$0.87 / oz","purchaseUnit":"8 oz"},{"mainCategory":"Prepared","categoryName":"Pasta & Sauce","subCategoryName":"Pasta Sauce","title":"Kale Pesto","producer":"Do Anything Foods","photoPath":"https://goodeggs4.imgix.net/6783e91b-ad1c-4442-a4dc-34ed678bef0f.jpg?w=380&h=238&fm=jpg&auto=compress&fit=crop","price":"9.99","pricePer":"$0.64 / oz","purchaseUnit":"15.6 oz"},{"mainCategory":"Prepared","categoryName":"Pasta & Sauce","subCategoryName":"Pasta Sauce","title":"Kale Pesto with White Cheddar","producer":"Sonoma Gourmet","photoPath":"https://goodeggs4.imgix.net/d4c5e65a-6a0d-4bcf-a15c-379725fb0d72.jpg?w=380&h=238&fm=jpg&auto=compress&fit=crop","price":"9.99","pricePer":"$0.40 / oz","purchaseUnit":"25 oz"},{"mainCategory":"Prepared","categoryName":"Pasta & Sauce","subCategoryName":"Pasta Sauce","title":"Alfredo Sauce","producer":"The Pasta Shop","photoPath":"https://goodeggs4.imgix.net/1cd350db-aaed-4634-b9d3-114cdfbb253e.jpg?w=380&h=238&fm=jpg&auto=compress&fit=crop","price":"6.49","pricePer":"$0.81 / oz","purchaseUnit":"8 oz"},{"mainCategory":"Prepared","categoryName":"Pasta & Sauce","subCategoryName":"Pasta Sauce","title":"Cheese Sauce","producer":"Healthy Food Inc. Kitchen","photoPath":"https://goodeggs4.imgix.net/4042988d-fb7e-4882-bca4-c206999753bb.jpg?w=380&h=238&fm=jpg&auto=compress&fit=crop","price":"6.99","pricePer":"$0.44 / oz","purchaseUnit":"16 oz"},{"mainCategory":"Prepared","categoryName":"Pasta & Sauce","subCategoryName":"Pasta Sauce","title":"Organic Butternut Squash Pasta Sauce","producer":"Sonoma Gourmet","photoPath":"https://goodeggs4.imgix.net/70b8ecab-1f64-48f6-b5ce-ad934f5cd241.jpg?w=380&h=238&fm=jpg&auto=compress&fit=crop","price":"9.99","pricePer":"$0.40 / oz","purchaseUnit":"25 oz"},{"mainCategory":"Prepared","categoryName":"Pasta & Sauce","subCategoryName":"Pasta Sauce","title":"Cauliflower Alfredo","producer":"Do Anything Foods","photoPath":"https://goodeggs4.imgix.net/b3e258da-c8f3-47ee-9ecc-4e39df2e6229.jpg?w=380&h=238&fm=jpg&auto=compress&fit=crop","price":"9.99","pricePer":"$0.64 / oz","purchaseUnit":"15.6 oz"},{"mainCategory":"Prepared","categoryName":"Pasta & Sauce","subCategoryName":"Noodles","title":"Tokyo Ramen","producer":"Nona Lim","photoPath":"https://goodeggs4.imgix.net/d712a5ef-9947-4eec-98fe-4beb24ad9842.jpg?w=380&h=238&fm=jpg&auto=compress&fit=crop","price":"5.99","pricePer":"$9.58 / lb","purchaseUnit":"10 oz"},{"mainCategory":"Prepared","categoryName":"Pasta & Sauce","subCategoryName":"Noodles","title":"Organic Ramen Noodles","producer":"Umi Organic","photoPath":"https://goodeggs4.imgix.net/18ae42b5-7c55-11eb-a74a-432eca49252a?w=380&h=238&fm=jpg&auto=compress&fit=crop","price":"6.99","pricePer":"$0.58 / oz","purchaseUnit":"12 oz"},{"mainCategory":"Prepared","categoryName":"Pasta & Sauce","subCategoryName":"Noodles","title":"Udon Noodles","producer":"Tin Wah Noodle Co","photoPath":"https://goodeggs4.imgix.net/ad94c79f-9d13-4ae9-9af2-975bf815f93e.jpg?w=380&h=238&fm=jpg&auto=compress&fit=crop","price":"6.99","pricePer":"$11.18 / lb","purchaseUnit":"10 oz"},{"mainCategory":"Prepared","categoryName":"Pasta & Sauce","subCategoryName":"Noodles","title":"Soba Noodles","producer":"Tin Wah Noodle Co","photoPath":"https://goodeggs4.imgix.net/df501521-30cb-4019-9f42-1fa925200909.jpg?w=380&h=238&fm=jpg&auto=compress&fit=crop","price":"6.99","pricePer":"$11.18 / lb","purchaseUnit":"10 oz"},{"mainCategory":"Prepared","categoryName":"Pasta & Sauce","subCategoryName":"Noodles","title":"Gyoza Wrappers","producer":"Tin Wah Noodle Co","photoPath":"https://goodeggs4.imgix.net/27b19b4d-1fe9-4c04-ba23-0e320a12476f.jpg?w=380&h=238&fm=jpg&auto=compress&fit=crop","price":"3.99","pricePer":"$7.98 / lb","purchaseUnit":"8 oz"},{"mainCategory":"Prepared","categoryName":"Pasta & Sauce","subCategoryName":"Noodles","title":"Organic Noodles with Miso Sesame Sauce","producer":"Umi Organic","photoPath":"https://goodeggs4.imgix.net/18ae42b6-7c55-11eb-a74a-432eca49252a?w=380&h=238&fm=jpg&auto=compress&fit=crop","price":"6.99","pricePer":"$0.66 / oz","purchaseUnit":"10.5 oz"},{"mainCategory":"Prepared","categoryName":"Pasta & Sauce","subCategoryName":"Noodles","title":"Gluten-Free Angel Hair Shirataki","producer":"Miracle Noodle","photoPath":"https://goodeggs4.imgix.net/5a0a7891-7fa6-4a8a-813f-9586c8960d12.jpg?w=380&h=238&fm=jpg&auto=compress&fit=crop","price":"2.69","pricePer":"$0.38 / oz","purchaseUnit":"7 oz"},{"mainCategory":"Prepared","categoryName":"Pasta & Sauce","subCategoryName":"Noodles","title":"Gluten-Free Fettucini Shirataki","producer":"Miracle Noodle","photoPath":"https://goodeggs4.imgix.net/5b3d2800-fdfc-419f-8037-9cedee483dd4.jpg?w=380&h=238&fm=jpg&auto=compress&fit=crop","price":"2.69","pricePer":"$0.38 / oz","purchaseUnit":"7 oz"},{"mainCategory":"Prepared","categoryName":"Pasta & Sauce","subCategoryName":"Noodles","title":"Teriyaki Ramen Stir Fry Kit","producer":"Nona Lim","photoPath":"https://goodeggs4.imgix.net/18ae42b0-7c55-11eb-a74a-432eca49252a?w=380&h=238&fm=jpg&auto=compress&fit=crop","price":"7.99","pricePer":"$0.61 / oz","purchaseUnit":"13 oz"},{"mainCategory":"Prepared","categoryName":"Pasta & Sauce","subCategoryName":"Noodles","title":"Pad Thai Stir Fry Kit","producer":"Nona Lim","photoPath":"https://goodeggs4.imgix.net/18ae42b1-7c55-11eb-a74a-432eca49252a?w=380&h=238&fm=jpg&auto=compress&fit=crop","price":"7.99","pricePer":"$0.55 / oz","purchaseUnit":"14.5 oz"},{"mainCategory":"Prepared","categoryName":"Pasta & Sauce","subCategoryName":"Fresh Pasta","title":"Egg Fettuccine","producer":"The Pasta Shop","photoPath":"https://goodeggs4.imgix.net/f7a8bf53-11b0-45e5-b473-3d78217c8b37.jpg?w=380&h=238&fm=jpg&auto=compress&fit=crop","price":"5.99","pricePer":"$7.98 / lb","purchaseUnit":"12 oz"},{"mainCategory":"Prepared","categoryName":"Pasta & Sauce","subCategoryName":"Fresh Pasta","title":"Classic Spaghetti","producer":"The Pasta Shop","photoPath":"https://goodeggs4.imgix.net/82b9a36f-8978-4b58-a9e2-4a4f3a09c12c.jpg?w=380&h=238&fm=jpg&auto=compress&fit=crop","price":"5.99","pricePer":"$7.98 / lb","purchaseUnit":"12 oz"},{"mainCategory":"Prepared","categoryName":"Pasta & Sauce","subCategoryName":"Fresh Pasta","title":"Egg Pappardelle","producer":"The Pasta Shop","photoPath":"https://goodeggs4.imgix.net/92c723a1-cddd-4b2a-aeaa-b4214c4f6999.jpg?w=380&h=238&fm=jpg&auto=compress&fit=crop","price":"5.99","pricePer":"$7.98 / lb","purchaseUnit":"12 oz"},{"mainCategory":"Prepared","categoryName":"Pasta & Sauce","subCategoryName":"Fresh Pasta","title":"Lasagne Sheets","producer":"The Pasta Shop","photoPath":"https://goodeggs4.imgix.net/4c582981-8975-4cda-8761-f6982eeefdd6.jpg?w=380&h=238&fm=jpg&auto=compress&fit=crop","price":"5.99","pricePer":"$7.98 / lb","purchaseUnit":"12 oz"},{"mainCategory":"Prepared","categoryName":"Pasta & Sauce","subCategoryName":"Fresh Pasta","title":"Bucatini","producer":"Bayview Pasta","photoPath":"https://goodeggs4.imgix.net/93a6eb86-cc87-4e35-a202-155fee76e5a1.jpg?w=380&h=238&fm=jpg&auto=compress&fit=crop","price":"7.99","pricePer":"$10.65 / lb","purchaseUnit":"12 oz"},{"mainCategory":"Prepared","categoryName":"Pasta & Sauce","subCategoryName":"Fresh Pasta","title":"Strozzapreti","producer":"Bayview Pasta","photoPath":"https://goodeggs4.imgix.net/7c573f86-867e-4647-86d1-a91cbb9ee99d.jpg?w=380&h=238&fm=jpg&auto=compress&fit=crop","price":"6.99","pricePer":"$9.32 / lb","purchaseUnit":"12 oz"},{"mainCategory":"Prepared","categoryName":"Pasta & Sauce","subCategoryName":"Fresh Pasta","title":"Green Fettuccine of the Season","producer":"Bayview Pasta","photoPath":"https://goodeggs4.imgix.net/71071f34-e9dd-4e5f-9175-16a65a3aeaca.jpg?w=380&h=238&fm=jpg&auto=compress&fit=crop","price":"9.99","pricePer":"$13.32 / lb","purchaseUnit":"12 oz"},{"mainCategory":"Prepared","categoryName":"Pasta & Sauce","subCategoryName":"Fresh Pasta","title":"Squid Ink Spaghettoni","producer":"Bayview Pasta","photoPath":"https://goodeggs4.imgix.net/541dd5c3-50de-4920-aff7-7066dbf08ed2.jpg?w=380&h=238&fm=jpg&auto=compress&fit=crop","price":"7.99","pricePer":"$10.65 / lb","purchaseUnit":"12 oz"},{"mainCategory":"Prepared","categoryName":"Pasta & Sauce","subCategoryName":"Fresh Pasta","title":"Rigatoni","producer":"Bayview Pasta","photoPath":"https://goodeggs4.imgix.net/5f5c49ef-d1ff-48f6-b037-c6e5d84e864c.jpg?w=380&h=238&fm=jpg&auto=compress&fit=crop","price":"6.99","pricePer":"$9.32 / lb","purchaseUnit":"12 oz"},{"mainCategory":"Prepared","categoryName":"Pasta & Sauce","subCategoryName":"Fresh Pasta","title":"Potato Gnocchi","producer":"The Pasta Shop","photoPath":"https://goodeggs4.imgix.net/8047f610-0f4f-48bc-a58f-0d633b718f62.jpg?w=380&h=238&fm=jpg&auto=compress&fit=crop","price":"7.39","pricePer":"$9.85 / lb","purchaseUnit":"12 oz"},{"mainCategory":"Prepared","categoryName":"Pasta & Sauce","subCategoryName":"Fresh Pasta","title":"Spinach Gnocchi","producer":"The Pasta Shop","photoPath":"https://goodeggs4.imgix.net/d7bd84b5-a41c-4735-ae07-e1bcd8d6689d.jpg?w=380&h=238&fm=jpg&auto=compress&fit=crop","price":"7.39","pricePer":"$9.85 / lb","purchaseUnit":"12 oz"},{"mainCategory":"Prepared","categoryName":"Pasta & Sauce","subCategoryName":"Fresh Pasta","title":"Dairy-Free Ricotta Tortellini","producer":"Kite Hill","photoPath":"https://goodeggs4.imgix.net/a53e9b44-af72-401d-8f82-19c62c64699a.jpg?w=380&h=238&fm=jpg&auto=compress&fit=crop","price":"7.69","pricePer":"$0.85 / oz","purchaseUnit":"9 oz"},{"mainCategory":"Prepared","categoryName":"Pasta & Sauce","subCategoryName":"Fresh Pasta","title":"Dairy-Free Spinach Ravioli","producer":"Kite Hill","photoPath":"https://goodeggs4.imgix.net/6ed21f3f-d8e6-461c-bf41-e387f2776e57.jpg?w=380&h=238&fm=jpg&auto=compress&fit=crop","price":"6.99","pricePer":"$0.77 / oz","purchaseUnit":"9 oz"},{"mainCategory":"Prepared","categoryName":"Pasta & Sauce","subCategoryName":"Fresh Pasta","title":"Dairy-Free Mushroom Ravioli","producer":"Kite Hill","photoPath":"https://goodeggs4.imgix.net/3375bb02-5526-4b76-aadc-b8b687f9d399.jpg?w=380&h=238&fm=jpg&auto=compress&fit=crop","price":"6.99","pricePer":"$0.77 / oz","purchaseUnit":"9 oz"},{"mainCategory":"Prepared","categoryName":"Pasta & Sauce","subCategoryName":"Fresh Pasta","title":"Conchiglie (shells)","producer":"The Pasta Shop","photoPath":"https://goodeggs4.imgix.net/43f25039-8acc-4db0-b0b3-b9b0e48fc8c2.jpg?w=380&h=238&fm=jpg&auto=compress&fit=crop","price":"5.99","pricePer":"$7.98 / lb","purchaseUnit":"12 oz"},{"mainCategory":"Prepared","categoryName":"Pasta & Sauce","subCategoryName":"Mac & Cheese","title":"Mac & Cheese","producer":"Beecher's Handmade Cheese","photoPath":"https://goodeggs4.imgix.net/1cf7dcbe-adfd-44c6-9eb1-0747bf3d950a.jpg?w=380&h=238&fm=jpg&auto=compress&fit=crop","price":"12.99","pricePer":"$10.39 / lb","purchaseUnit":"20 oz"},{"mainCategory":"Prepared","categoryName":"Pasta & Sauce","subCategoryName":"Mac & Cheese","title":"Maine Lobster Mac & Cheese (Frozen)","producer":"Luke's Lobster","photoPath":"https://goodeggs4.imgix.net/fe87cbb9-3043-4bb0-aa6e-2e12ed0992c7.jpg?w=380&h=238&fm=jpg&auto=compress&fit=crop","price":"18.99","pricePer":"$18.99 / lb","purchaseUnit":"16 oz"},{"mainCategory":"Prepared","categoryName":"Pasta & Sauce","subCategoryName":"Mac & Cheese","title":"Gluten-Free Macaroni & Cheese","producer":"Amy's Kitchen","photoPath":"https://goodeggs4.imgix.net/e80ad8a2-9dc8-4177-a7b0-fbb88cd5d96c.jpg?w=380&h=238&fm=jpg&auto=compress&fit=crop","price":"4.99","pricePer":"$8.87 / lb","purchaseUnit":"9 oz"},{"mainCategory":"Prepared","categoryName":"Pasta & Sauce","subCategoryName":"Mac & Cheese","title":"Organic Macaroni & Cheese Pasta","producer":"Good Citizens","photoPath":"https://goodeggs4.imgix.net/8de0b4bf-b7ab-4d8e-9dbc-3c7e38e4e86c.jpg?w=380&h=238&fm=jpg&auto=compress&fit=crop","price":"2.69","pricePer":"$0.45 / oz","purchaseUnit":"6 oz"},{"mainCategory":"Prepared","categoryName":"Pasta & Sauce","subCategoryName":"Mac & Cheese","title":"Plant Based Mac & Cheese","producer":"Howl ","photoPath":"https://goodeggs4.imgix.net/2c9063e5-6743-42fc-8887-103a5963a46b.jpg?w=380&h=238&fm=jpg&auto=compress&fit=crop","price":"5.99","pricePer":null,"purchaseUnit":"10.3 oz"},{"mainCategory":"Prepared","categoryName":"Pasta & Sauce","subCategoryName":"Mac & Cheese","title":"Plant Based Spicy Chipotle Mac & Cheese","producer":"Howl ","photoPath":"https://goodeggs4.imgix.net/26da7b4e-2bcf-4e2c-a831-ae64a484c4bf.jpg?w=380&h=238&fm=jpg&auto=compress&fit=crop","price":"5.99","pricePer":null,"purchaseUnit":"10.3 oz"},{"mainCategory":"Prepared","categoryName":"Pasta & Sauce","subCategoryName":"Gluten-Free Pasta","title":"Gluten-Free Fusilli Pasta","producer":"Rummo Pasta","photoPath":"https://goodeggs4.imgix.net/807f65e3-96fc-4e7f-9405-01e046043c2b.jpg?w=380&h=238&fm=jpg&auto=compress&fit=crop","price":"3.99","pricePer":"$5.32 / lb","purchaseUnit":"12 oz"},{"mainCategory":"Prepared","categoryName":"Pasta & Sauce","subCategoryName":"Gluten-Free Pasta","title":"Gluten-Free Spaghetti Pasta","producer":"Rummo Pasta","photoPath":"https://goodeggs4.imgix.net/2700ae13-e4be-494a-8c9f-9557faea6065.jpg?w=380&h=238&fm=jpg&auto=compress&fit=crop","price":"3.99","pricePer":"$5.32 / lb","purchaseUnit":"12 oz"},{"mainCategory":"Prepared","categoryName":"Pasta & Sauce","subCategoryName":"Gluten-Free Pasta","title":"Chickpea Rotini Pasta","producer":"Banza","photoPath":"https://goodeggs4.imgix.net/d6fb8b07-f32b-4cf4-9c7c-574348910621.jpg?w=380&h=238&fm=jpg&auto=compress&fit=crop","price":"4.19","pricePer":"$0.52 / oz","purchaseUnit":"8 oz"},{"mainCategory":"Prepared","categoryName":"Pasta & Sauce","subCategoryName":"Gluten-Free Pasta","title":"Gluten-Free Penne Rigate Pasta","producer":"Rummo Pasta","photoPath":"https://goodeggs4.imgix.net/4a9ef2b3-d2c3-4eb8-87c0-e77c504610d7.jpg?w=380&h=238&fm=jpg&auto=compress&fit=crop","price":"3.99","pricePer":"$5.32 / lb","purchaseUnit":"12 oz"},{"mainCategory":"Prepared","categoryName":"Pasta & Sauce","subCategoryName":"Gluten-Free Pasta","title":"Wheat-Free Spinach Fettuccine","producer":"The Pasta Shop","photoPath":"https://goodeggs4.imgix.net/c74fbe64-0f2a-4608-b0ff-d229055dd1b2.jpg?w=380&h=238&fm=jpg&auto=compress&fit=crop","price":"6.99","pricePer":"$9.32 / lb","purchaseUnit":"12 oz"},{"mainCategory":"Prepared","categoryName":"Pasta & Sauce","subCategoryName":"Gluten-Free Pasta","title":"Chickpea Cavatappi Pasta","producer":"Banza","photoPath":"https://goodeggs4.imgix.net/98c47b42-2077-4257-8621-b909ab009f9b.jpg?w=380&h=238&fm=jpg&auto=compress&fit=crop","price":"4.19","pricePer":"$0.52 / oz","purchaseUnit":"8 oz"},{"mainCategory":"Prepared","categoryName":"Pasta & Sauce","subCategoryName":"Gluten-Free Pasta","title":"Gluten-Free Paleo Gnocchi","producer":"Cappello's","photoPath":"https://goodeggs4.imgix.net/e6924531-4ef6-44a5-b430-3a614d0264b8.jpg?w=380&h=238&fm=jpg&auto=compress&fit=crop","price":"9.99","pricePer":"$0.83 / oz","purchaseUnit":"12 oz"},{"mainCategory":"Prepared","categoryName":"Pasta & Sauce","subCategoryName":"Gluten-Free Pasta","title":"Chickpea Shells Pasta","producer":"Banza","photoPath":"https://goodeggs4.imgix.net/709d5a63-ec45-4b9f-b792-31de070730dd.jpg?w=380&h=238&fm=jpg&auto=compress&fit=crop","price":"4.19","pricePer":"$0.52 / oz","purchaseUnit":"8 oz"},{"mainCategory":"Prepared","categoryName":"Pasta & Sauce","subCategoryName":"Gluten-Free Pasta","title":"Gluten-Free Paleo Lasagna Sheets","producer":"Cappello's","photoPath":"https://goodeggs4.imgix.net/9478c48c-464e-4e75-b282-3b95a9af0cfd.jpg?w=380&h=238&fm=jpg&auto=compress&fit=crop","price":"9.99","pricePer":"$1.11 / oz","purchaseUnit":"9 oz"},{"mainCategory":"Prepared","categoryName":"Pasta & Sauce","subCategoryName":"Gluten-Free Pasta","title":"Spaghetti Squash Pasta","producer":"Solely","photoPath":"https://goodeggs4.imgix.net/c320150c-ebd7-4d69-b140-6595f213a890.jpg?w=380&h=238&fm=jpg&auto=compress&fit=crop","price":"4.99","pricePer":"$2.83 / oz","purchaseUnit":"1.76 oz"},{"mainCategory":"Prepared","categoryName":"Pasta & Sauce","subCategoryName":"Gluten-Free Pasta","title":"Chickpea Spaghetti Pasta","producer":"Banza","photoPath":"https://goodeggs4.imgix.net/5482b2a4-c986-487c-8a22-31bb7fe644e9.jpg?w=380&h=238&fm=jpg&auto=compress&fit=crop","price":"4.19","pricePer":"$0.52 / oz","purchaseUnit":"8 oz"},{"mainCategory":"Prepared","categoryName":"Pasta & Sauce","subCategoryName":"Gluten-Free Pasta","title":"Gluten-Free Paleo Fettuccine","producer":"Cappello's","photoPath":"https://goodeggs4.imgix.net/d79aa494-900a-46e3-a1a6-d72d645cc7b3.jpg?w=380&h=238&fm=jpg&auto=compress&fit=crop","price":"9.99","pricePer":"$1.11 / oz","purchaseUnit":"9 oz"},{"mainCategory":"Prepared","categoryName":"Pasta & Sauce","subCategoryName":"Gluten-Free Pasta","title":"Chickpea Penne Pasta","producer":"Banza","photoPath":"https://goodeggs4.imgix.net/a5e63142-d857-4fef-b24f-aa63f23b6512.jpg?w=380&h=238&fm=jpg&auto=compress&fit=crop","price":"4.19","pricePer":"$0.52 / oz","purchaseUnit":"8 oz"},{"mainCategory":"Prepared","categoryName":"Pasta & Sauce","subCategoryName":"Gluten-Free Pasta","title":"Chickpea Linguine Pasta","producer":"Banza","photoPath":"https://goodeggs4.imgix.net/7b128433-2c75-4a0e-8d87-db3f306bb96c.jpg?w=380&h=238&fm=jpg&auto=compress&fit=crop","price":"4.19","pricePer":"$0.52 / oz","purchaseUnit":"8 oz"},{"mainCategory":"Prepared","categoryName":"Pasta & Sauce","subCategoryName":"Gluten-Free Pasta","title":"Chickpea Elbow Pasta","producer":"Banza","photoPath":"https://goodeggs4.imgix.net/6c8fab06-a465-4d4b-83c9-f9c7b8f94ed9.jpg?w=380&h=238&fm=jpg&auto=compress&fit=crop","price":"4.19","pricePer":"$0.52 / oz","purchaseUnit":"8 oz"},{"mainCategory":"Prepared","categoryName":"Pasta & Sauce","subCategoryName":"Gluten-Free Pasta","title":"Gluten-Free Wide Noodles","producer":"Kedem","photoPath":"https://goodeggs4.imgix.net/3b73af0a-c30b-4436-83c2-e0a2816621be.jpg?w=380&h=238&fm=jpg&auto=compress&fit=crop","price":"3.69","pricePer":"$6.56 / lb","purchaseUnit":"9 oz"},{"mainCategory":"Prepared","categoryName":"Pizza","subCategoryName":"Fresh Pizza","title":"Pizza Dough","producer":"Pizza Politana","photoPath":"https://goodeggs4.imgix.net/cea850a6-e986-4a7a-ad2a-cff3920d5a8c.jpg?w=380&h=238&fm=jpg&auto=compress&fit=crop","price":"4.99","pricePer":"$0.45 / oz","purchaseUnit":"11 oz"},{"mainCategory":"Prepared","categoryName":"Pizza","subCategoryName":"Fresh Pizza","title":"Italian Sausage Cornmeal Crust Pizza","producer":"Vicolo Pizza","photoPath":"https://goodeggs4.imgix.net/efd6deec-3320-4c82-8e0d-74ec9c1d2eae.jpg?w=380&h=238&fm=jpg&auto=compress&fit=crop","price":"9.99","pricePer":"$10.14 / lb","purchaseUnit":"1 count"},{"mainCategory":"Prepared","categoryName":"Pizza","subCategoryName":"Fresh Pizza","title":"Roasted Mushroom Cornmeal Crust Pizza","producer":"Vicolo Pizza","photoPath":"https://goodeggs4.imgix.net/25bcf9c5-d920-4f87-941f-48f6a1e646dc.jpg?w=380&h=238&fm=jpg&auto=compress&fit=crop","price":"9.99","pricePer":"$10.65 / lb","purchaseUnit":"1 count"},{"mainCategory":"Prepared","categoryName":"Pizza","subCategoryName":"Fresh Pizza","title":"Pepperoni Cornmeal Crust Pizza","producer":"Vicolo Pizza","photoPath":"https://goodeggs4.imgix.net/e56148bf-e6f7-4451-a147-b6904ae6dd4e.jpg?w=380&h=238&fm=jpg&auto=compress&fit=crop","price":"9.99","pricePer":"$10.83 / lb","purchaseUnit":"1 count"},{"mainCategory":"Prepared","categoryName":"Pizza","subCategoryName":"Fresh Pizza","title":"Tomato, Herb & Goat Cheese Pizza","producer":"Vicolo Pizza","photoPath":"https://goodeggs4.imgix.net/ee48f749-597e-4339-8d04-ca0f933e9649.jpg?w=380&h=238&fm=jpg&auto=compress&fit=crop","price":"9.99","pricePer":"$10.48 / lb","purchaseUnit":"1 count"},{"mainCategory":"Prepared","categoryName":"Pizza","subCategoryName":"Fresh Pizza","title":"Gluten-Free Quattro Formaggi Pizza","producer":"Vicolo Pizza","photoPath":"https://goodeggs4.imgix.net/c2ce16d6-6385-4cf4-8b34-282a5c898208.jpg?w=380&h=238&fm=jpg&auto=compress&fit=crop","price":"9.99","pricePer":"$11.02 / lb","purchaseUnit":"1 count"},{"mainCategory":"Prepared","categoryName":"Pizza","subCategoryName":"Frozen Pizza","title":"Par-Baked Pizza Crust","producer":"Italian Dough Factory","photoPath":"https://goodeggs4.imgix.net/5a028907-0ef2-456c-8b26-cb376c58219f.jpg?w=380&h=238&fm=jpg&auto=compress&fit=crop","price":"5.49","pricePer":null,"purchaseUnit":"1 count"},{"mainCategory":"Prepared","categoryName":"Pizza","subCategoryName":"Frozen Pizza","title":"Margherita Pizza with Buffalo Burrata","producer":"Italian Dough Factory","photoPath":"https://goodeggs4.imgix.net/ea80df63-fd2c-41c9-891f-1d3d790d9dd7.jpg?w=380&h=238&fm=jpg&auto=compress&fit=crop","price":"9.99","pricePer":"$0.71 / oz","purchaseUnit":"1 count"},{"mainCategory":"Prepared","categoryName":"Pizza","subCategoryName":"Frozen Pizza","title":"Kale & Edamame Pizza","producer":"Italian Dough Factory","photoPath":"https://goodeggs4.imgix.net/77eb0591-9d24-4880-9f42-e126f3a1ab91.jpg?w=380&h=238&fm=jpg&auto=compress&fit=crop","price":"11.99","pricePer":"$0.72 / oz","purchaseUnit":"1 count"},{"mainCategory":"Prepared","categoryName":"Pizza","subCategoryName":"Frozen Pizza","title":"Margherita Pizza","producer":"Amy's Kitchen","photoPath":"https://goodeggs4.imgix.net/f8829794-e20b-4a59-a9f4-1eb07b880463.jpg?w=380&h=238&fm=jpg&auto=compress&fit=crop","price":"9.99","pricePer":"$12.29 / lb","purchaseUnit":"13 oz"},{"mainCategory":"Prepared","categoryName":"Pizza","subCategoryName":"Frozen Pizza","title":"Cheese Pizza Snacks","producer":"Amy's Kitchen","photoPath":"https://goodeggs4.imgix.net/a87b85f1-6107-4454-b50d-ca216bf760bd.jpg?w=380&h=238&fm=jpg&auto=compress&fit=crop","price":"4.99","pricePer":"$13.30 / lb","purchaseUnit":"6 oz"},{"mainCategory":"Prepared","categoryName":"Pizza","subCategoryName":"Frozen Pizza","title":"Vegan Roasted Vegetable Pizza","producer":"Amy's Kitchen","photoPath":"https://goodeggs4.imgix.net/9dd4d18b-7002-410b-b325-53a0ef9756e8.jpg?w=380&h=238&fm=jpg&auto=compress&fit=crop","price":"9.99","pricePer":"$13.32 / lb","purchaseUnit":"12 oz"},{"mainCategory":"Prepared","categoryName":"Pizza","subCategoryName":"Frozen Pizza","title":"Cheese Pizza Bagels","producer":"Daily Driver","photoPath":"https://goodeggs4.imgix.net/d759ed7c-9b5d-4cba-a958-ced275c1e4f8.jpg?w=380&h=238&fm=jpg&auto=compress&fit=crop","price":"14.99","pricePer":null,"purchaseUnit":"4 count"},{"mainCategory":"Prepared","categoryName":"Pizza","subCategoryName":"Frozen Pizza","title":"Pizza Dough","producer":"Full Belly Farm","photoPath":"https://goodeggs4.imgix.net/29fd821d-d9e3-4b53-b0c5-afc39687a129.jpg?w=380&h=238&fm=jpg&auto=compress&fit=crop","price":"9.99","pricePer":"$0.62 / oz","purchaseUnit":"16 oz"},{"mainCategory":"Prepared","categoryName":"Pizza","subCategoryName":"Frozen Pizza","title":"Wheat-Free 6\" Pizza Crusts","producer":"Mariposa Baking","photoPath":"https://goodeggs4.imgix.net/6c95a8c2-41bb-49c5-ad44-fd0de203979c.jpg?w=380&h=238&fm=jpg&auto=compress&fit=crop","price":"16.99","pricePer":null,"purchaseUnit":"6 count"},{"mainCategory":"Prepared","categoryName":"Pizza","subCategoryName":"Frozen Pizza","title":"Wheat-Free 10\" Pizza Crusts","producer":"Mariposa Baking","photoPath":"https://goodeggs4.imgix.net/394bbb83-4f7b-4a13-b109-9277ac2827ba.jpg?w=380&h=238&fm=jpg&auto=compress&fit=crop","price":"13.99","pricePer":null,"purchaseUnit":"2 count"},{"mainCategory":"Prepared","categoryName":"Pizza","subCategoryName":"Frozen Pizza","title":"Organic Pizza Dough Ball","producer":"Passione Pizza","photoPath":"https://goodeggs4.imgix.net/8918f293-4202-47c2-9ee4-68b8c41f4131.jpg?w=380&h=238&fm=jpg&auto=compress&fit=crop","price":"2.79","pricePer":"$0.31 / oz","purchaseUnit":"9 oz"},{"mainCategory":"Prepared","categoryName":"Pizza","subCategoryName":"Frozen Pizza","title":"Organic Cheese Pizza","producer":"Alex's Awesome Sourdough","photoPath":"https://goodeggs4.imgix.net/558874fb-3e0c-4435-8b04-7d4d669f0495.jpg?w=380&h=238&fm=jpg&auto=compress&fit=crop","price":"9.99","pricePer":"$13.32 / lb","purchaseUnit":"1 count"},{"mainCategory":"Prepared","categoryName":"Pizza","subCategoryName":"Frozen Pizza","title":"Organic Sunflower Seed Pesto Pizza","producer":"Alex's Awesome Sourdough","photoPath":"https://goodeggs4.imgix.net/fc708ccc-6ca1-4d31-90e3-2df0fe38be14.jpg?w=380&h=238&fm=jpg&auto=compress&fit=crop","price":"9.99","pricePer":"$14.02 / lb","purchaseUnit":"1 count"},{"mainCategory":"Prepared","categoryName":"Pizza","subCategoryName":"Frozen Pizza","title":"Organic Mushroom & Cheese Pizza","producer":"Alex's Awesome Sourdough","photoPath":"https://goodeggs4.imgix.net/c33ff997-bb3e-4dab-a5a0-18f541e18589.jpg?w=380&h=238&fm=jpg&auto=compress&fit=crop","price":"9.99","pricePer":"$12.10 / lb","purchaseUnit":"1 count"},{"mainCategory":"Prepared","categoryName":"Pizza","subCategoryName":"Frozen Pizza","title":"Pizza al Taglio","producer":"Pizza Politana","photoPath":"https://goodeggs4.imgix.net/655ad17e-ee06-42f1-b224-11a022f36b6c.jpg?w=380&h=238&fm=jpg&auto=compress&fit=crop","price":"13.99","pricePer":null,"purchaseUnit":"2 count"},{"mainCategory":"Prepared","categoryName":"Pizza","subCategoryName":"Frozen Pizza","title":"Gluten-Free Cheese Pizza","producer":"Cappello's","photoPath":"https://goodeggs4.imgix.net/be2caa0b-e819-4388-8ab8-c5690e2e4837.jpg?w=380&h=238&fm=jpg&auto=compress&fit=crop","price":"10.49","pricePer":"$0.95 / oz","purchaseUnit":"11 oz"},{"mainCategory":"Prepared","categoryName":"Pizza","subCategoryName":"Frozen Pizza","title":"Gluten-Free Uncured Pepperoni Pizza","producer":"Cappello's","photoPath":"https://goodeggs4.imgix.net/907682bb-c1a0-4be2-8bac-d21a5102f38d.jpg?w=380&h=238&fm=jpg&auto=compress&fit=crop","price":"10.49","pricePer":"$0.87 / oz","purchaseUnit":"12 oz"},{"mainCategory":"Prepared","categoryName":"Pizza","subCategoryName":"Frozen Pizza","title":"Gluten-Free Paleo Pizza Crust","producer":"Cappello's","photoPath":"https://goodeggs4.imgix.net/c1c2cdce-71ef-4859-b37f-2e0d4052b914.jpg?w=380&h=238&fm=jpg&auto=compress&fit=crop","price":"6.99","pricePer":"$1.16 / oz","purchaseUnit":"6 oz"},{"mainCategory":"Prepared","categoryName":"Frozen","subCategoryName":"Breakfast","title":"Organic Flax Plus Waffles","producer":"Nature's Path","photoPath":"https://goodeggs4.imgix.net/74c7ec01-28fb-4309-b240-f9588d4ff56f.jpg?w=380&h=238&fm=jpg&auto=compress&fit=crop","price":"3.99","pricePer":"$0.53 / oz","purchaseUnit":"6 count"},{"mainCategory":"Prepared","categoryName":"Frozen","subCategoryName":"Breakfast","title":"Organic Gluten-Free Buckwheat Wildberry Waffles","producer":"Nature's Path","photoPath":"https://goodeggs4.imgix.net/31a65e5e-a14a-490a-a2f6-9577bd626245.jpg?w=380&h=238&fm=jpg&auto=compress&fit=crop","price":"3.99","pricePer":"$0.53 / oz","purchaseUnit":"6 count"},{"mainCategory":"Prepared","categoryName":"Frozen","subCategoryName":"Breakfast","title":"Organic Gluten-Free Homestyle Waffles","producer":"Nature's Path","photoPath":"https://goodeggs4.imgix.net/11c671b2-f550-40ff-9667-c859355f7ea7.jpg?w=380&h=238&fm=jpg&auto=compress&fit=crop","price":"3.99","pricePer":"$0.53 / oz","purchaseUnit":"6 count"},{"mainCategory":"Prepared","categoryName":"Frozen","subCategoryName":"Breakfast","title":"Organic Gluten-Free Chia Plus Waffles","producer":"Nature's Path","photoPath":"https://goodeggs4.imgix.net/d531835f-be62-443e-847c-f90d48535ad7.jpg?w=380&h=238&fm=jpg&auto=compress&fit=crop","price":"3.99","pricePer":"$0.53 / oz","purchaseUnit":"6 count"},{"mainCategory":"Prepared","categoryName":"Frozen","subCategoryName":"Breakfast","title":"24 Carrot Gold Paleo Muffins (Frozen)","producer":"Muffin Revolution","photoPath":"https://goodeggs4.imgix.net/c124f6dd-bd84-4642-96ef-73073a0b83bf.jpg?w=380&h=238&fm=jpg&auto=compress&fit=crop","price":"8.99","pricePer":"$1.12 / oz","purchaseUnit":"4 count"},{"mainCategory":"Prepared","categoryName":"Frozen","subCategoryName":"Breakfast","title":"Banana Bam Bam Paleo Muffins (Frozen)","producer":"Muffin Revolution","photoPath":"https://goodeggs4.imgix.net/44457f1c-69f8-44b7-a129-fe205c3dcd73.jpg?w=380&h=238&fm=jpg&auto=compress&fit=crop","price":"8.99","pricePer":"$1.12 / oz","purchaseUnit":"4 count"},{"mainCategory":"Prepared","categoryName":"Frozen","subCategoryName":"Breakfast","title":"Cha Cha Cha Paleo Muffins (Frozen)","producer":"Muffin Revolution","photoPath":"https://goodeggs4.imgix.net/4fea9239-136a-4d61-9589-557f299f2c2f.jpg?w=380&h=238&fm=jpg&auto=compress&fit=crop","price":"8.99","pricePer":"$1.05 / oz","purchaseUnit":"4 count"},{"mainCategory":"Prepared","categoryName":"Frozen","subCategoryName":"Breakfast","title":"Yam Good Paleo Muffins (Frozen)","producer":"Muffin Revolution","photoPath":"https://goodeggs4.imgix.net/22b330b1-39ea-4765-894c-5dd31998c299.jpg?w=380&h=238&fm=jpg&auto=compress&fit=crop","price":"8.99","pricePer":"$1.28 / oz","purchaseUnit":"4 count"},{"mainCategory":"Prepared","categoryName":"Frozen","subCategoryName":"Breakfast","title":"La La Lemon Paleo Muffins (Frozen)","producer":"Muffin Revolution","photoPath":"https://goodeggs4.imgix.net/01aba3e6-f12b-4ad3-afdc-77acb53a9baa.jpg?w=380&h=238&fm=jpg&auto=compress&fit=crop","price":"8.99","pricePer":"$1.28 / oz","purchaseUnit":"4 count"},{"mainCategory":"Prepared","categoryName":"Frozen","subCategoryName":"Breakfast","title":"Honey Almond Yogurt & Oats","producer":"Snacky Yogurt & Oats","photoPath":"https://goodeggs4.imgix.net/3b24037b-3404-426e-a53e-088d16e9a5c1.jpg?w=380&h=238&fm=jpg&auto=compress&fit=crop","price":"5.99","pricePer":null,"purchaseUnit":"8 oz"},{"mainCategory":"Prepared","categoryName":"Frozen","subCategoryName":"Breakfast","title":"Apple Peanut Butter Yogurt & Oats","producer":"Snacky Yogurt & Oats","photoPath":"https://goodeggs4.imgix.net/e06b8651-588b-4657-a382-f364e754f883.jpg?w=380&h=238&fm=jpg&auto=compress&fit=crop","price":"5.99","pricePer":null,"purchaseUnit":"8 oz"},{"mainCategory":"Prepared","categoryName":"Frozen","subCategoryName":"Breakfast","title":"Coconut Yogurt & Oats","producer":"Snacky Yogurt & Oats","photoPath":"https://goodeggs4.imgix.net/0ec92958-a34e-4120-9ffe-f48c3312e6c9.jpg?w=380&h=238&fm=jpg&auto=compress&fit=crop","price":"5.99","pricePer":null,"purchaseUnit":"8 oz"},{"mainCategory":"Prepared","categoryName":"Frozen","subCategoryName":"Breakfast","title":"Hibiscus Cacao Yogurt & Oats","producer":"Snacky Yogurt & Oats","photoPath":"https://goodeggs4.imgix.net/a5611448-68c6-4271-ade1-7354e7670f11.jpg?w=380&h=238&fm=jpg&auto=compress&fit=crop","price":"5.99","pricePer":null,"purchaseUnit":"8 oz"},{"mainCategory":"Prepared","categoryName":"Frozen","subCategoryName":"Sides","title":"Par-Baked Cheese & Nigella Fatayer (Turnovers)","producer":"Reem's California","photoPath":"https://goodeggs4.imgix.net/72ea86e2-3c54-4260-aa78-54adaf8675f0.jpg?w=380&h=238&fm=jpg&auto=compress&fit=crop","price":"9.99","pricePer":"$1.24 / oz","purchaseUnit":"2 count"},{"mainCategory":"Prepared","categoryName":"Frozen","subCategoryName":"Sides","title":"Par-Baked Spinach & Onion Fatayer (Turnovers)","producer":"Reem's California","photoPath":"https://goodeggs4.imgix.net/d1774f23-1e99-4028-b543-a9a85917ff22.jpg?w=380&h=238&fm=jpg&auto=compress&fit=crop","price":"9.99","pricePer":"$1.24 / oz","purchaseUnit":"2 count"},{"mainCategory":"Prepared","categoryName":"Frozen","subCategoryName":"Sides","title":"South African Roti","producer":"Amawele’s South African Kitchen","photoPath":"https://goodeggs4.imgix.net/71cf1dc5-b1df-4ffc-bf82-22f9528f0918.jpg?w=380&h=238&fm=jpg&auto=compress&fit=crop","price":"4.99","pricePer":null,"purchaseUnit":"20 oz"},{"mainCategory":"Prepared","categoryName":"Frozen","subCategoryName":"Sides","title":"Cape Malay Rice","producer":"Amawele’s South African Kitchen","photoPath":"https://goodeggs4.imgix.net/579fe63e-5347-4f3a-961a-3bdce89e6c01.jpg?w=380&h=238&fm=jpg&auto=compress&fit=crop","price":"5.99","pricePer":null,"purchaseUnit":"16 oz"},{"mainCategory":"Prepared","categoryName":"Frozen","subCategoryName":"Sides","title":"Kale Littles","producer":"Dr. Praeger's","photoPath":"https://goodeggs4.imgix.net/4d9984dc-dbcc-4fae-aebb-ed42d701f157.jpg?w=380&h=238&fm=jpg&auto=compress&fit=crop","price":"5.99","pricePer":"$0.59 / oz","purchaseUnit":"10 oz"},{"mainCategory":"Prepared","categoryName":"Frozen","subCategoryName":"Sides","title":"Organic Ready-to-Bake Spinach & Feta Fillo Appetizers","producer":"Fillo Factory","photoPath":"https://goodeggs4.imgix.net/e66b6183-e446-40ad-8e3d-c6fcffe61b3e.jpg?w=380&h=238&fm=jpg&auto=compress&fit=crop","price":"7.49","pricePer":"$0.88 / oz","purchaseUnit":"12 count"},{"mainCategory":"Prepared","categoryName":"Frozen","subCategoryName":"Sides","title":"Original Cheese Bread","producer":"Brazilian Breads","photoPath":"https://goodeggs4.imgix.net/530d38ee-93d2-464c-a8e4-62ee30136a1a.jpg?w=380&h=238&fm=jpg&auto=compress&fit=crop","price":"10.49","pricePer":"$0.73 / oz","purchaseUnit":"14.3 oz"},{"mainCategory":"Prepared","categoryName":"Frozen","subCategoryName":"Sides","title":"Guava Jelly-Stuffed Cheese Bread","producer":"Brazilian Breads","photoPath":"https://goodeggs4.imgix.net/d91d4cd4-b306-49ed-ac00-42b7de9800b2.jpg?w=380&h=238&fm=jpg&auto=compress&fit=crop","price":"10.49","pricePer":"$0.73 / oz","purchaseUnit":"14.3 oz"},{"mainCategory":"Prepared","categoryName":"Frozen","subCategoryName":"Sides","title":"Cream Cheese-Stuffed Cheese Bread","producer":"Brazilian Breads","photoPath":"https://goodeggs4.imgix.net/a2461578-69e3-461e-87b5-0818ed04e101.jpg?w=380&h=238&fm=jpg&auto=compress&fit=crop","price":"10.49","pricePer":"$0.73 / oz","purchaseUnit":"14.3 oz"},{"mainCategory":"Prepared","categoryName":"Frozen","subCategoryName":"Sides","title":"Garlic & Rosemary Cheese Bread","producer":"Brazilian Breads","photoPath":"https://goodeggs4.imgix.net/0f00a517-b805-48eb-afdd-540e18964426.jpg?w=380&h=238&fm=jpg&auto=compress&fit=crop","price":"10.49","pricePer":"$0.73 / oz","purchaseUnit":"14.3 oz"},{"mainCategory":"Prepared","categoryName":"Frozen","subCategoryName":"Sides","title":"Jalapeño Cheese Bread","producer":"Brazilian Breads","photoPath":"https://goodeggs4.imgix.net/35300539-99fd-4145-8ccf-6dd8a7f7d368.jpg?w=380&h=238&fm=jpg&auto=compress&fit=crop","price":"10.49","pricePer":"$0.73 / oz","purchaseUnit":"14.3 oz"},{"mainCategory":"Prepared","categoryName":"Frozen","subCategoryName":"Sides","title":"Organic Steamed Brown Rice","producer":"Grain Trust","photoPath":"https://goodeggs4.imgix.net/7e9a8fd0-836b-11eb-9783-f3d67f42bb6b?w=380&h=238&fm=jpg&auto=compress&fit=crop","price":"4.99","pricePer":"$0.17 / oz","purchaseUnit":"30 oz"},{"mainCategory":"Prepared","categoryName":"Frozen","subCategoryName":"Sides","title":"Organic Steamed Jasmine Rice","producer":"Grain Trust","photoPath":"https://goodeggs4.imgix.net/84063230-836b-11eb-9180-134c133f9914?w=380&h=238&fm=jpg&auto=compress&fit=crop","price":"4.99","pricePer":"$0.17 / oz","purchaseUnit":"30 oz"},{"mainCategory":"Prepared","categoryName":"Frozen","subCategoryName":"Sides","title":"Italian Herb Millet Tots","producer":"RollinGreens","photoPath":"https://goodeggs4.imgix.net/2396c468-ca60-4a76-8de9-aea4071a3ae7.jpg?w=380&h=238&fm=jpg&auto=compress&fit=crop","price":"4.99","pricePer":"$0.43 / oz","purchaseUnit":"11.5 oz"},{"mainCategory":"Prepared","categoryName":"Frozen","subCategoryName":"Sides","title":"Original Millet Tots","producer":"RollinGreens","photoPath":"https://goodeggs4.imgix.net/e1f4226f-2f24-440b-9076-28a60bd1f921.jpg?w=380&h=238&fm=jpg&auto=compress&fit=crop","price":"4.99","pricePer":"$0.43 / oz","purchaseUnit":"11.5 oz"},{"mainCategory":"Prepared","categoryName":"Frozen","subCategoryName":"Sides","title":"Sweet & Spicy Millet Tots","producer":"RollinGreens","photoPath":"https://goodeggs4.imgix.net/70fff1fe-e70f-4518-a96a-dc71799730a8.jpg?w=380&h=238&fm=jpg&auto=compress&fit=crop","price":"4.99","pricePer":"$0.43 / oz","purchaseUnit":"11.5 oz"},{"mainCategory":"Prepared","categoryName":"Frozen","subCategoryName":"Entrees","title":"Organic Breaded Chicken Strips (Frozen)","producer":"Mary's Free Range Chicken","photoPath":"https://goodeggs4.imgix.net/62efe5f9-718b-46d4-a0ef-3c5946a9c888.jpg?w=380&h=238&fm=jpg&auto=compress&fit=crop","price":"12.99","pricePer":"$12.99 / lb","purchaseUnit":"1 lb"},{"mainCategory":"Prepared","categoryName":"Frozen","subCategoryName":"Entrees","title":"Organic Chicken Corn Dogs","producer":"The Organic Coup","photoPath":"https://goodeggs4.imgix.net/27a9ae88-e107-4016-9a71-0d77e313e9f9.jpg?w=380&h=238&fm=jpg&auto=compress&fit=crop","price":"21.99","pricePer":"$0.46 / oz","purchaseUnit":"12 count"},{"mainCategory":"Prepared","categoryName":"Frozen","subCategoryName":"Entrees","title":"Organic Chicken Tenders","producer":"The Organic Coup","photoPath":"https://goodeggs4.imgix.net/7862f9e0-7de4-11eb-a49c-035b9bcc7078?w=380&h=238&fm=jpg&auto=compress&fit=crop","price":"21.99","pricePer":null,"purchaseUnit":"1.5 lb"},{"mainCategory":"Prepared","categoryName":"Frozen","subCategoryName":"Entrees","title":"Lightly Breaded Fish Sticks","producer":"Dr. Praeger's","photoPath":"https://goodeggs4.imgix.net/8421b44a-bbaf-4369-86a4-5a938eda9fdb.jpg?w=380&h=238&fm=jpg&auto=compress&fit=crop","price":"5.99","pricePer":"$9.39 / lb","purchaseUnit":"10.2 oz"},{"mainCategory":"Prepared","categoryName":"Frozen","subCategoryName":"Entrees","title":"Fair Trade Wild Mexican Shrimp Burger Patties (Frozen)","producer":"Del Pacifico","photoPath":"https://goodeggs4.imgix.net/d5cddae9-7247-4960-9fa0-73b3963efc87.jpg?w=380&h=238&fm=jpg&auto=compress&fit=crop","price":"11.99","pricePer":"$11.99 / lb","purchaseUnit":"4 count"},{"mainCategory":"Prepared","categoryName":"Frozen","subCategoryName":"Entrees","title":"Savory Vegan Pies","producer":"Amawele’s South African Kitchen","photoPath":"https://goodeggs4.imgix.net/60466d4b-7a7f-4aaf-9d7e-7e7c78b5a0e1.jpg?w=380&h=238&fm=jpg&auto=compress&fit=crop","price":"16.99","pricePer":"$0.53 / oz","purchaseUnit":"2 count"},{"mainCategory":"Prepared","categoryName":"Frozen","subCategoryName":"Entrees","title":"Mac & Cheese","producer":"Beecher's Handmade Cheese","photoPath":"https://goodeggs4.imgix.net/1cf7dcbe-adfd-44c6-9eb1-0747bf3d950a.jpg?w=380&h=238&fm=jpg&auto=compress&fit=crop","price":"12.99","pricePer":"$10.39 / lb","purchaseUnit":"20 oz"},{"mainCategory":"Prepared","categoryName":"Frozen","subCategoryName":"Entrees","title":"Maine Lobster Mac & Cheese (Frozen)","producer":"Luke's Lobster","photoPath":"https://goodeggs4.imgix.net/fe87cbb9-3043-4bb0-aa6e-2e12ed0992c7.jpg?w=380&h=238&fm=jpg&auto=compress&fit=crop","price":"18.99","pricePer":"$18.99 / lb","purchaseUnit":"16 oz"},{"mainCategory":"Prepared","categoryName":"Frozen","subCategoryName":"Entrees","title":"Maine Lobster Bisque (Frozen)","producer":"Luke's Lobster","photoPath":"https://goodeggs4.imgix.net/39ba7305-a4e5-46b5-990e-90f1e4924278.jpg?w=380&h=238&fm=jpg&auto=compress&fit=crop","price":"11.99","pricePer":"$15.98 / lb","purchaseUnit":"12 oz"},{"mainCategory":"Prepared","categoryName":"Frozen","subCategoryName":"Entrees","title":"Gluten-Free Macaroni & Cheese","producer":"Amy's Kitchen","photoPath":"https://goodeggs4.imgix.net/e80ad8a2-9dc8-4177-a7b0-fbb88cd5d96c.jpg?w=380&h=238&fm=jpg&auto=compress&fit=crop","price":"4.99","pricePer":"$8.87 / lb","purchaseUnit":"9 oz"},{"mainCategory":"Prepared","categoryName":"Frozen","subCategoryName":"Entrees","title":"Gluten-Free Cheese Enchiladas","producer":"Amy's Kitchen","photoPath":"https://goodeggs4.imgix.net/936b8c28-a11c-46e8-9fe6-b660e4559009.jpg?w=380&h=238&fm=jpg&auto=compress&fit=crop","price":"5.49","pricePer":"$9.76 / lb","purchaseUnit":"9 oz"},{"mainCategory":"Prepared","categoryName":"Frozen","subCategoryName":"Entrees","title":"Family Sized Cheese Enchiladas","producer":"Amy's Kitchen","photoPath":"https://goodeggs4.imgix.net/f235045c-3c8d-45af-9588-4af227ea02af.jpg?w=380&h=238&fm=jpg&auto=compress&fit=crop","price":"13.99","pricePer":"$8.29 / lb","purchaseUnit":"27 oz"},{"mainCategory":"Prepared","categoryName":"Frozen","subCategoryName":"Entrees","title":"Chicken Tikka Masala with Basmati Rice","producer":"Saffron Road","photoPath":"https://goodeggs4.imgix.net/a11457b5-069b-48ca-92ce-6f515277627c.jpg?w=380&h=238&fm=jpg&auto=compress&fit=crop","price":"5.99","pricePer":"$0.59 / oz","purchaseUnit":"10 oz"},{"mainCategory":"Prepared","categoryName":"Frozen","subCategoryName":"Entrees","title":"Vegetable Pad Thai with Tofu & Rice Noodles","producer":"Saffron Road","photoPath":"https://goodeggs4.imgix.net/c4014759-1e90-433a-a8ec-3a14c8eaf519.jpg?w=380&h=238&fm=jpg&auto=compress&fit=crop","price":"5.99","pricePer":"$0.59 / oz","purchaseUnit":"10 oz"},{"mainCategory":"Prepared","categoryName":"Frozen","subCategoryName":"Entrees","title":"Chicken Pad Thai with Rice Noodles","producer":"Saffron Road","photoPath":"https://goodeggs4.imgix.net/85a7209e-5ad6-4b31-b2d1-6cb8443c0a16.jpg?w=380&h=238&fm=jpg&auto=compress&fit=crop","price":"5.99","pricePer":"$0.59 / oz","purchaseUnit":"10 oz"},{"mainCategory":"Prepared","categoryName":"Frozen","subCategoryName":"Entrees","title":"Lemongrass Basil Chicken with Basmati Rice","producer":"Saffron Road","photoPath":"https://goodeggs4.imgix.net/4b48bbd9-331a-4e93-9a7d-2aea16c0ebb5.jpg?w=380&h=238&fm=jpg&auto=compress&fit=crop","price":"5.99","pricePer":"$0.59 / oz","purchaseUnit":"10 oz"},{"mainCategory":"Prepared","categoryName":"Frozen","subCategoryName":"Entrees","title":"Chicken Biryani with Basmati Rice","producer":"Saffron Road","photoPath":"https://goodeggs4.imgix.net/c3efbf08-1aa9-4a83-bb19-41363e6732d7.jpg?w=380&h=238&fm=jpg&auto=compress&fit=crop","price":"5.99","pricePer":"$0.59 / oz","purchaseUnit":"10 oz"},{"mainCategory":"Prepared","categoryName":"Frozen","subCategoryName":"Entrees","title":"Poblano Chicken Enchiladas with Black Beans & Rice","producer":"Saffron Road","photoPath":"https://goodeggs4.imgix.net/b1b4758b-39ab-4cba-af3d-bbb0a6f4e7af.jpg?w=380&h=238&fm=jpg&auto=compress&fit=crop","price":"5.99","pricePer":"$0.59 / oz","purchaseUnit":"10 oz"},{"mainCategory":"Prepared","categoryName":"Frozen","subCategoryName":"Entrees","title":"Vegetarian Chipotle Enchiladas with Black Beans & Rice","producer":"Saffron Road","photoPath":"https://goodeggs4.imgix.net/4866bd81-577c-410f-b8ed-32cfcea63181.jpg?w=380&h=238&fm=jpg&auto=compress&fit=crop","price":"5.99","pricePer":"$0.59 / oz","purchaseUnit":"10 oz"},{"mainCategory":"Prepared","categoryName":"Frozen","subCategoryName":"Entrees","title":"Instant Pot Chicken Biryani Meal Kit","producer":"Seeti","photoPath":"https://goodeggs4.imgix.net/4af35f81-3526-40c4-89ba-6bfd3a8f2288.jpg?w=380&h=238&fm=jpg&auto=compress&fit=crop","price":"24.99","pricePer":"$1.13 / oz","purchaseUnit":"23 oz"},{"mainCategory":"Prepared","categoryName":"Frozen","subCategoryName":"Entrees","title":"Instant Pot Lamb Curry Meal Kit","producer":"Seeti","photoPath":"https://goodeggs4.imgix.net/180eaf18-bbfb-4646-be97-979b242d6594.jpg?w=380&h=238&fm=jpg&auto=compress&fit=crop","price":"32.99","pricePer":"$1.49 / oz","purchaseUnit":"22 oz"},{"mainCategory":"Prepared","categoryName":"Frozen","subCategoryName":"Entrees","title":"Instant Pot Vegan Quinoa Mung Khichdi Meal Kit","producer":"Seeti","photoPath":"https://goodeggs4.imgix.net/56ad55f8-20b6-44c9-a67b-23570bd1af63.jpg?w=380&h=238&fm=jpg&auto=compress&fit=crop","price":"14.99","pricePer":null,"purchaseUnit":"8 oz"},{"mainCategory":"Prepared","categoryName":"Frozen","subCategoryName":"Handhelds","title":"Bean & Rice Burrito","producer":"Amy's Kitchen","photoPath":"https://goodeggs4.imgix.net/55bac690-9283-4dfd-bb40-3edf58c5bde0.jpg?w=380&h=238&fm=jpg&auto=compress&fit=crop","price":"3.29","pricePer":"$8.77 / lb","purchaseUnit":"6 oz"},{"mainCategory":"Prepared","categoryName":"Frozen","subCategoryName":"Handhelds","title":"Gluten-Free Bean & Cheese Burrito","producer":"Amy's Kitchen","photoPath":"https://goodeggs4.imgix.net/364b176a-3a70-4854-9bbe-46c869b824f1.jpg?w=380&h=238&fm=jpg&auto=compress&fit=crop","price":"3.49","pricePer":"$9.30 / lb","purchaseUnit":"6 oz"},{"mainCategory":"Prepared","categoryName":"Frozen","subCategoryName":"Handhelds","title":"Gluten-Free Bean & Rice Burrito","producer":"Amy's Kitchen","photoPath":"https://goodeggs4.imgix.net/22653b7a-d371-41dc-a2b5-cf4a68e2ca94.jpg?w=380&h=238&fm=jpg&auto=compress&fit=crop","price":"3.49","pricePer":"$9.30 / lb","purchaseUnit":"6 oz"},{"mainCategory":"Prepared","categoryName":"Frozen","subCategoryName":"Handhelds","title":"Tikka Masala Plant Based Wrap","producer":"Cool Beans","photoPath":"https://goodeggs4.imgix.net/70f51f33-e718-46ac-a949-70ec686285fb.jpg?w=380&h=238&fm=jpg&auto=compress&fit=crop","price":"3.99","pricePer":null,"purchaseUnit":"1 count"},{"mainCategory":"Prepared","categoryName":"Frozen","subCategoryName":"Handhelds","title":"Moroccan Plant Based Wrap","producer":"Cool Beans","photoPath":"https://goodeggs4.imgix.net/950eeb06-3bfa-4430-98a4-768220163166.jpg?w=380&h=238&fm=jpg&auto=compress&fit=crop","price":"3.99","pricePer":null,"purchaseUnit":"1 count"},{"mainCategory":"Prepared","categoryName":"Frozen","subCategoryName":"Handhelds","title":"Spicy Chipotle Plant Based Wrap","producer":"Cool Beans","photoPath":"https://goodeggs4.imgix.net/fa7db6b3-f80e-4575-be25-adad16927154.jpg?w=380&h=238&fm=jpg&auto=compress&fit=crop","price":"3.99","pricePer":null,"purchaseUnit":"1 count"},{"mainCategory":"Prepared","categoryName":"Vegan & Raw","subCategoryName":"","title":"Vegan Buddha Bowl","producer":"Healthy Food Inc. Kitchen","photoPath":"https://goodeggs4.imgix.net/6a9fbae1-1c50-4d8f-89a8-cffd4c52c770.jpg?w=380&h=238&fm=jpg&auto=compress&fit=crop","price":"9.99","pricePer":"$13.32 / lb","purchaseUnit":"12 oz"},{"mainCategory":"Prepared","categoryName":"Vegan & Raw","subCategoryName":"","title":"Vegan Snack Pack","producer":"Healthy Food Inc. Kitchen","photoPath":"https://goodeggs4.imgix.net/d3688000-6cd7-4c22-9c81-cf278607f41a.jpg?w=380&h=238&fm=jpg&auto=compress&fit=crop","price":"9.99","pricePer":"$12.78 / lb","purchaseUnit":"12.5 oz"},{"mainCategory":"Prepared","categoryName":"Vegan & Raw","subCategoryName":"","title":"Organic Strawberry Plant-Based Smoothie Cup","producer":"Sweet Nothings","photoPath":"https://goodeggs4.imgix.net/28a90f97-e033-47de-a0a1-1da929b7210c.jpg?w=380&h=238&fm=jpg&auto=compress&fit=crop","price":"2.99","pricePer":"$0.85 / oz","purchaseUnit":"3.5 oz"},{"mainCategory":"Prepared","categoryName":"Vegan & Raw","subCategoryName":"","title":"Organic Peanut Butter Plant-Based Smoothie Cup","producer":"Sweet Nothings","photoPath":"https://goodeggs4.imgix.net/f0d84c61-ffde-4d1b-8a43-3e9032ede9e5.jpg?w=380&h=238&fm=jpg&auto=compress&fit=crop","price":"2.99","pricePer":"$0.85 / oz","purchaseUnit":"3.5 oz"},{"mainCategory":"Prepared","categoryName":"Vegan & Raw","subCategoryName":"","title":"Organic Tropical Greens Plant-Based Smoothie Cup","producer":"Sweet Nothings","photoPath":"https://goodeggs4.imgix.net/e1213180-8e57-11eb-8994-e1a9d560c915?w=380&h=238&fm=jpg&auto=compress&fit=crop","price":"2.99","pricePer":"$0.85 / oz","purchaseUnit":"3.5 oz"},{"mainCategory":"Prepared","categoryName":"Vegan & Raw","subCategoryName":"","title":"Organic Chocolate Plant-Based Smoothie Cup","producer":"Sweet Nothings","photoPath":"https://goodeggs4.imgix.net/f0c574f6-57cd-49fb-83ba-9e5a45734299.jpg?w=380&h=238&fm=jpg&auto=compress&fit=crop","price":"2.99","pricePer":"$0.85 / oz","purchaseUnit":"3.5 oz"},{"mainCategory":"Prepared","categoryName":"Vegan & Raw","subCategoryName":"","title":"Organic Blueberry Plant-Based Smoothie Cup","producer":"Sweet Nothings","photoPath":"https://goodeggs4.imgix.net/0fe945a6-eb16-48bc-abdc-132ef726623a.jpg?w=380&h=238&fm=jpg&auto=compress&fit=crop","price":"2.99","pricePer":"$0.85 / oz","purchaseUnit":"3.5 oz"},{"mainCategory":"Prepared","categoryName":"Vegan & Raw","subCategoryName":"","title":"Organic Coffee Plant-Based Smoothie Cup","producer":"Sweet Nothings","photoPath":"https://goodeggs4.imgix.net/bfa0b4f8-cfb2-4ece-8f94-daa47e3ffdb9.jpg?w=380&h=238&fm=jpg&auto=compress&fit=crop","price":"2.99","pricePer":"$0.85 / oz","purchaseUnit":"3.5 oz"},{"mainCategory":"Prepared","categoryName":"Vegan & Raw","subCategoryName":"","title":"Superfood Grain Bowl with Housemade Kimchi & Tahini Sauce","producer":"Green Heart Foods","photoPath":"https://goodeggs4.imgix.net/f4a60e12-ddaa-499e-95ca-3fb67eb01393.jpg?w=380&h=238&fm=jpg&auto=compress&fit=crop","price":"8.99","pricePer":"$0.78 / oz","purchaseUnit":"11.5 oz"},{"mainCategory":"Prepared","categoryName":"Vegan & Raw","subCategoryName":"","title":"Overnight Oats with Vanilla-Coconut Milk & Strawberry Compote","producer":"Green Heart Foods","photoPath":"https://goodeggs4.imgix.net/652a76b2-ea7b-49f3-870c-e8af307c4ab4.jpg?w=380&h=238&fm=jpg&auto=compress&fit=crop","price":"5.99","pricePer":"$0.88 / oz","purchaseUnit":"6.8 oz"},{"mainCategory":"Prepared","categoryName":"Vegan & Raw","subCategoryName":"","title":"Turmeric & Coconut Yogurt with Maple-Toasted Seeds","producer":"Green Heart Foods","photoPath":"https://goodeggs4.imgix.net/3fb5b391-cdfb-4b27-ad09-f66ad4d432fe.jpg?w=380&h=238&fm=jpg&auto=compress&fit=crop","price":"5.99","pricePer":"$0.89 / oz","purchaseUnit":"6.7 oz"},{"mainCategory":"Prepared","categoryName":"Vegan & Raw","subCategoryName":"","title":"Coconut Yogurt with Mixed Berry Compote","producer":"Green Heart Foods","photoPath":"https://goodeggs4.imgix.net/1d55e676-ebd3-4a59-866e-db2ba36729b7.jpg?w=380&h=238&fm=jpg&auto=compress&fit=crop","price":"5.99","pricePer":"$0.93 / oz","purchaseUnit":"6.4 oz"},{"mainCategory":"Prepared","categoryName":"Vegan & Raw","subCategoryName":"","title":"Açaí Pudding with Granola","producer":"Green Heart Foods","photoPath":"https://goodeggs4.imgix.net/6fba86dc-0581-4c3f-9a0d-0736372463f2.jpg?w=380&h=238&fm=jpg&auto=compress&fit=crop","price":"6.99","pricePer":"$1.12 / oz","purchaseUnit":"6.2 oz"},{"mainCategory":"Prepared","categoryName":"Vegan & Raw","subCategoryName":"","title":"Instant Pot Vegan Quinoa Mung Khichdi Meal Kit","producer":"Seeti","photoPath":"https://goodeggs4.imgix.net/56ad55f8-20b6-44c9-a67b-23570bd1af63.jpg?w=380&h=238&fm=jpg&auto=compress&fit=crop","price":"14.99","pricePer":null,"purchaseUnit":"8 oz"},{"mainCategory":"Prepared","categoryName":"Vegan & Raw","subCategoryName":"","title":"Instant Pot Vegan Chana Masala Meal Kit","producer":"Seeti","photoPath":"https://goodeggs4.imgix.net/fd683265-5a39-4de8-93f3-f60fab6bf46d.jpg?w=380&h=238&fm=jpg&auto=compress&fit=crop","price":"19.99","pricePer":"$1.05 / oz","purchaseUnit":"19 oz"},{"mainCategory":"Produce","categoryName":"New & Peak Season","subCategoryName":"Popular Picks","title":"Organic California-Grown Asparagus","producer":"Durst Organic Growers","photoPath":"https://goodeggs4.imgix.net/efe113f3-14c3-44e0-8290-f57ad95793c0.jpg?w=380&h=238&fm=jpg&auto=compress&fit=crop","price":"5.99","pricePer":"$5.99 / lb","purchaseUnit":"1 bunch"},{"mainCategory":"Produce","categoryName":"New & Peak Season","subCategoryName":"Popular Picks","title":"Small Hass Avocado Trio","producer":"Stepladder Ranch","photoPath":"https://goodeggs4.imgix.net/606943c9-6d9d-4893-92d1-64a0ab8fbd66.jpg?w=380&h=238&fm=jpg&auto=compress&fit=crop","price":"6.19","pricePer":"$4.85 / lb","purchaseUnit":"3 count"},{"mainCategory":"Produce","categoryName":"New & Peak Season","subCategoryName":"Popular Picks","title":"Organic Blueberries","producer":"Triple Delight Blueberries","photoPath":"https://goodeggs4.imgix.net/6b8cc4a4-77a9-49f7-8321-65798c57a7a8.jpg?w=380&h=238&fm=jpg&auto=compress&fit=crop","price":"13.99","pricePer":"$0.77 / oz","purchaseUnit":"18 oz"},{"mainCategory":"Produce","categoryName":"New & Peak Season","subCategoryName":"Popular Picks","title":"Organic Nantes Carrots","producer":"Sunrise Organic Farm","photoPath":"https://goodeggs4.imgix.net/5d5882dd-2e1b-40c2-85ab-42c821f05da0.jpg?w=380&h=238&fm=jpg&auto=compress&fit=crop","price":"2.99","pricePer":"$3.41 / lb","purchaseUnit":"1 bunch"},{"mainCategory":"Produce","categoryName":"New & Peak Season","subCategoryName":"Popular Picks","title":"Organic Zucchini Trio","producer":"From Our Farmers","photoPath":"https://goodeggs4.imgix.net/27b7bfe9-2431-47eb-81e1-98f38235b5e8.jpg?w=380&h=238&fm=jpg&auto=compress&fit=crop","price":"2.99","pricePer":"$2.84 / lb","purchaseUnit":"3 count"},{"mainCategory":"Produce","categoryName":"New & Peak Season","subCategoryName":"Popular Picks","title":"Organic Chandler Strawberry 3-Pack","producer":"Swanton Berry Farm","photoPath":"https://goodeggs4.imgix.net/1c9c5402-12e0-4878-b8fe-d8aeebc47d29.jpg?w=380&h=238&fm=jpg&auto=compress&fit=crop","price":"16.99","pricePer":"$0.37 / oz","purchaseUnit":"3 pint"},{"mainCategory":"Produce","categoryName":"New & Peak Season","subCategoryName":"Seasonal Favorites","title":"Organic Fava Beans","producer":"Happy Boy Farms","photoPath":"https://goodeggs4.imgix.net/1ed047f0-b747-4b12-8e35-a26432386e6a.jpg?w=380&h=238&fm=jpg&auto=compress&fit=crop","price":"3.99","pricePer":"$3.99 / lb","purchaseUnit":"1 lb"},{"mainCategory":"Produce","categoryName":"New & Peak Season","subCategoryName":"Seasonal Favorites","title":"Organic Coral Champagne Cherries","producer":"Fruit World Company","photoPath":"https://goodeggs4.imgix.net/46920e16-bc0c-40ee-ad8c-9b803f52d73d.jpg?w=380&h=238&fm=jpg&auto=compress&fit=crop","price":"9.99","pricePer":"$9.99 / lb","purchaseUnit":"1 lb"},{"mainCategory":"Produce","categoryName":"New & Peak Season","subCategoryName":"Seasonal Favorites","title":"Potted Italian Heather","producer":"Coastal Nursery","photoPath":"https://goodeggs4.imgix.net/877ecf19-cb44-49cb-b868-0220577d99cb.jpg?w=380&h=238&fm=jpg&auto=compress&fit=crop","price":"29.99","pricePer":null,"purchaseUnit":"1 count"},{"mainCategory":"Produce","categoryName":"New & Peak Season","subCategoryName":"Seasonal Favorites","title":"Organic Mixed Baby Head Lettuces","producer":"Fifth Crow Farm","photoPath":"https://goodeggs4.imgix.net/03773077-1837-47a0-bea5-1e91c829e767.jpg?w=380&h=238&fm=jpg&auto=compress&fit=crop","price":"3.49","pricePer":"$6.98 / lb","purchaseUnit":"0.5 lb"},{"mainCategory":"Produce","categoryName":"New & Peak Season","subCategoryName":"Seasonal Favorites","title":"Organic Little Gem Lettuces","producer":"Blue House Organic Farm","photoPath":"https://goodeggs4.imgix.net/b92e4a36-3d60-4d3a-a577-f03774d72457.jpg?w=380&h=238&fm=jpg&auto=compress&fit=crop","price":"5.99","pricePer":"$5.99 / lb","purchaseUnit":"1 lb"},{"mainCategory":"Produce","categoryName":"New & Peak Season","subCategoryName":"Seasonal Favorites","title":"Lilac","producer":"Lassen Ranch","photoPath":"https://goodeggs4.imgix.net/02e1fbdc-cb2a-420e-a8f5-5ac286f8729d.jpg?w=380&h=238&fm=jpg&auto=compress&fit=crop","price":"29.99","pricePer":null,"purchaseUnit":"1 bunch"},{"mainCategory":"Produce","categoryName":"New & Peak Season","subCategoryName":"Seasonal Favorites","title":"Organic Calçot Spring Onion","producer":"F.E.E.D. Sonoma","photoPath":"https://goodeggs4.imgix.net/fc0a91b5-0efd-499f-9b80-213fae301d18.jpg?w=380&h=238&fm=jpg&auto=compress&fit=crop","price":"4.99","pricePer":"$9.98 / lb","purchaseUnit":"1 bunch"},{"mainCategory":"Produce","categoryName":"New & Peak Season","subCategoryName":"Seasonal Favorites","title":"Organic English Peas","producer":"Tutti Frutti Farm","photoPath":"https://goodeggs4.imgix.net/04616b32-257e-4278-be24-09be5d8370a8.jpg?w=380&h=238&fm=jpg&auto=compress&fit=crop","price":"3.99","pricePer":"$3.99 / lb","purchaseUnit":"1 lb"},{"mainCategory":"Produce","categoryName":"New & Peak Season","subCategoryName":"Seasonal Favorites","title":"Organic Sugar Snap Peas","producer":"Tutti Frutti Farm","photoPath":"https://goodeggs4.imgix.net/012f8b5e-ecdb-4297-b76a-babe748e5861.jpg?w=380&h=238&fm=jpg&auto=compress&fit=crop","price":"5.99","pricePer":"$5.99 / lb","purchaseUnit":"1 lb"},{"mainCategory":"Produce","categoryName":"New & Peak Season","subCategoryName":"Seasonal Favorites","title":"Organic Japanese Ume Pickling Plums","producer":"Fruit World Company","photoPath":"https://goodeggs4.imgix.net/961c6b24-2d34-45d4-8631-a5eec61f14a8.jpg?w=380&h=238&fm=jpg&auto=compress&fit=crop","price":"14.99","pricePer":"$7.49 / lb","purchaseUnit":"2 lb"},{"mainCategory":"Produce","categoryName":"New & Peak Season","subCategoryName":"Seasonal Favorites","title":"Organic New Russian Banana Fingerling Potatoes","producer":"Full Belly Farm","photoPath":"https://goodeggs4.imgix.net/50e8ff63-1c84-4634-97dd-f67e1c8111ec.jpg?w=380&h=238&fm=jpg&auto=compress&fit=crop","price":"4.79","pricePer":"$4.79 / lb","purchaseUnit":"1 lb"},{"mainCategory":"Produce","categoryName":"New & Peak Season","subCategoryName":"Seasonal Favorites","title":"Organic Rhubarb","producer":"From Our Farmers","photoPath":"https://goodeggs4.imgix.net/021761c5-35f9-4a65-ae5d-7e5ccce69611.jpg?w=380&h=238&fm=jpg&auto=compress&fit=crop","price":"4.99","pricePer":"$4.99 / lb","purchaseUnit":"1 lb"},{"mainCategory":"Produce","categoryName":"New & Peak Season","subCategoryName":"Seasonal Favorites","title":"Organic Tomatillos","producer":"From Our Farmers","photoPath":"https://goodeggs4.imgix.net/62747b1c-448c-4aab-a36d-5944ae1de5bb.jpg?w=380&h=238&fm=jpg&auto=compress&fit=crop","price":"5.99","pricePer":"$5.99 / lb","purchaseUnit":"1 lb"},{"mainCategory":"Produce","categoryName":"New & Peak Season","subCategoryName":"Seasonal Favorites","title":"Florist's Choice Tulip Trio","producer":"Kitayama Brothers Farms","photoPath":"https://goodeggs4.imgix.net/32233ff4-1885-4eb9-9f58-3e6477458b54.jpg?w=380&h=238&fm=jpg&auto=compress&fit=crop","price":"29.99","pricePer":null,"purchaseUnit":"3 bunch"},{"mainCategory":"Produce","categoryName":"New & Peak Season","subCategoryName":"Seasonal Favorites","title":"Harry's Berries Organic Gaviota Strawberry Trio","producer":"Harry's Berries","photoPath":"https://goodeggs4.imgix.net/6d9953c2-88e7-11eb-b501-af2be9b58b0f?w=380&h=238&fm=jpg&auto=compress&fit=crop","price":"39.99","pricePer":"$0.83 / oz","purchaseUnit":"3 lb"},{"mainCategory":"Produce","categoryName":"New & Peak Season","subCategoryName":"Seasonal Favorites","title":"Organic Mixed Heirloom Tomatoes","producer":"Wilgenburg Greenhouses","photoPath":"https://goodeggs4.imgix.net/a96130d5-85d1-4e77-8ee0-feb40ac15805.jpg?w=380&h=238&fm=jpg&auto=compress&fit=crop","price":"5.99","pricePer":"$5.99 / lb","purchaseUnit":"1 lb"},{"mainCategory":"Produce","categoryName":"New & Peak Season","subCategoryName":"Buyer's Choice","title":"Bulk Organic Blueberries","producer":"Triple Delight Blueberries","photoPath":"https://goodeggs4.imgix.net/fee7b343-60de-41d3-a3df-755b66454060.jpg?w=380&h=238&fm=jpg&auto=compress&fit=crop","price":"99.99","pricePer":"$0.62 / oz","purchaseUnit":"10 lb"},{"mainCategory":"Produce","categoryName":"New & Peak Season","subCategoryName":"Buyer's Choice","title":"Organic Maitake Frondosa (Hen of the Woods) Mushrooms","producer":"Gourmet Mushrooms Inc.","photoPath":"https://goodeggs4.imgix.net/434d4cf5-a53d-4718-99ff-91b0a5f1aa8b.jpg?w=380&h=238&fm=jpg&auto=compress&fit=crop","price":"4.99","pricePer":"$19.96 / lb","purchaseUnit":"4 oz"},{"mainCategory":"Produce","categoryName":"New & Peak Season","subCategoryName":"Buyer's Choice","title":"Organic New All Blue Potatoes","producer":"Full Belly Farm","photoPath":"https://goodeggs4.imgix.net/0baee792-450a-4519-a707-8746bb8d199f.jpg?w=380&h=238&fm=jpg&auto=compress&fit=crop","price":"4.79","pricePer":"$4.79 / lb","purchaseUnit":"1 lb"},{"mainCategory":"Produce","categoryName":"New & Peak Season","subCategoryName":"Buyer's Choice","title":"Sunflowers","producer":"Repetto Nursery","photoPath":"https://goodeggs4.imgix.net/63e1f010-db1c-41b9-9ea6-27ae2a1f6578.jpg?w=380&h=238&fm=jpg&auto=compress&fit=crop","price":"9.99","pricePer":null,"purchaseUnit":"1 bunch"},{"mainCategory":"Produce","categoryName":"New & Peak Season","subCategoryName":"Buyer's Choice","title":"Organic Large Sunflowers","producer":"Full Belly Farm","photoPath":"https://goodeggs4.imgix.net/1d0dca1b-f1dd-438a-b2e4-7516eec9f957.jpg?w=380&h=238&fm=jpg&auto=compress&fit=crop","price":"11.99","pricePer":null,"purchaseUnit":"1 bunch"},{"mainCategory":"Produce","categoryName":"CSA Boxes","subCategoryName":"","title":"Organic Farm Box","producer":"Dirty Girl Produce","photoPath":"https://goodeggs4.imgix.net/a4be859f-b508-4637-8667-18599a701a48.jpg?w=380&h=238&fm=jpg&auto=compress&fit=crop","price":"47.99","pricePer":"$4.79 / lb","purchaseUnit":"10 lb"},{"mainCategory":"Produce","categoryName":"CSA Boxes","subCategoryName":"","title":"Organic CSA Box","producer":"Full Belly Farm","photoPath":"https://goodeggs4.imgix.net/ab2313e7-0959-4728-b290-da154467b50d.jpg?w=380&h=238&fm=jpg&auto=compress&fit=crop","price":"24.99","pricePer":null,"purchaseUnit":"1 count"},{"mainCategory":"Produce","categoryName":"CSA Boxes","subCategoryName":"","title":"Organic Seasonal Produce Box","producer":"Eatwell Farm","photoPath":"https://goodeggs4.imgix.net/717a5469-75bd-4230-8208-e45b6dba6706.jpg?w=380&h=238&fm=jpg&auto=compress&fit=crop","price":"35.99","pricePer":null,"purchaseUnit":"1 count"},{"mainCategory":"Produce","categoryName":"Prepped Fruit","subCategoryName":"Berries & Grapes","title":"Washed Berries & Mango","producer":"Healthy Food Inc. Kitchen","photoPath":"https://goodeggs4.imgix.net/d365c9af-1638-46d5-9456-bd0947c54e90.jpg?w=380&h=238&fm=jpg&auto=compress&fit=crop","price":"6.99","pricePer":"$0.87 / oz","purchaseUnit":"8 oz"},{"mainCategory":"Produce","categoryName":"Prepped Fruit","subCategoryName":"Berries & Grapes","title":"Washed Berry Cup","producer":"Healthy Food Inc. Kitchen","photoPath":"https://goodeggs4.imgix.net/5300e81f-6d3e-49a2-8d43-44ba46452080.jpg?w=380&h=238&fm=jpg&auto=compress&fit=crop","price":"6.99","pricePer":"$0.87 / oz","purchaseUnit":"8 oz"},{"mainCategory":"Produce","categoryName":"Prepped Fruit","subCategoryName":"Tropical Fruit","title":"Cut Pineapple","producer":"Healthy Food Inc. Kitchen","photoPath":"https://goodeggs4.imgix.net/91ff8f97-6fcd-41fb-8377-ed8f5591b3f5.jpg?w=380&h=238&fm=jpg&auto=compress&fit=crop","price":"6.99","pricePer":"$0.44 / oz","purchaseUnit":"16 oz"},{"mainCategory":"Produce","categoryName":"Prepped Fruit","subCategoryName":"Tropical Fruit","title":"Cut Mango","producer":"Healthy Food Inc. Kitchen","photoPath":"https://goodeggs4.imgix.net/f7cad31b-8850-43cb-9e37-6ec321a8b08b.jpg?w=380&h=238&fm=jpg&auto=compress&fit=crop","price":"9.99","pricePer":"$1.24 / oz","purchaseUnit":"8 oz"},{"mainCategory":"Produce","categoryName":"Prepped Fruit","subCategoryName":"Tropical Fruit","title":"Tropical Fruit Medley","producer":"Healthy Food Inc. Kitchen","photoPath":"https://goodeggs4.imgix.net/11bd77b9-36f1-4520-8558-fa55a7e1192d.jpg?w=380&h=238&fm=jpg&auto=compress&fit=crop","price":"9.99","pricePer":"$0.62 / oz","purchaseUnit":"16 oz"},{"mainCategory":"Produce","categoryName":"Prepped Fruit","subCategoryName":"Tropical Fruit","title":"Papaya Cubes","producer":"Healthy Food Inc. Kitchen","photoPath":"https://goodeggs4.imgix.net/dd86aa7d-8433-41b3-b3fe-c2fa5e52eac7.jpg?w=380&h=238&fm=jpg&auto=compress&fit=crop","price":"7.99","pricePer":"$0.99 / oz","purchaseUnit":"8 oz"},{"mainCategory":"Produce","categoryName":"Prepped Fruit","subCategoryName":"Citrus","title":"Mixed Citrus Medley","producer":"Healthy Food Inc. Kitchen","photoPath":"https://goodeggs4.imgix.net/b6c6a400-8d9f-11eb-a74a-432eca49252a?w=380&h=238&fm=jpg&auto=compress&fit=crop","price":"7.99","pricePer":"$0.66 / oz","purchaseUnit":"12 oz"},{"mainCategory":"Produce","categoryName":"Prepped Fruit","subCategoryName":"Dried Fruit","title":"Knoll Farm's Semi-Dried Dark Figs","producer":"Healthy Food Inc. Kitchen","photoPath":"https://goodeggs4.imgix.net/86dd5ce1-d853-4053-b134-01c370a942a9.jpg?w=380&h=238&fm=jpg&auto=compress&fit=crop","price":"11.99","pricePer":"$1.49 / oz","purchaseUnit":"8 oz"},{"mainCategory":"Produce","categoryName":"Prepped Vegetables","subCategoryName":"Peas & Beans","title":"Shelled English Peas","producer":"Healthy Food Inc. Kitchen","photoPath":"https://goodeggs4.imgix.net/2ede90e8-e27f-4336-8896-d548baba9951.jpg?w=380&h=238&fm=jpg&auto=compress&fit=crop","price":"5.49","pricePer":"$2.19 / oz","purchaseUnit":"2.5 oz"},{"mainCategory":"Produce","categoryName":"Prepped Vegetables","subCategoryName":"Peas & Beans","title":"Washed Sugar Snap Peas","producer":"Healthy Food Inc. Kitchen","photoPath":"https://goodeggs4.imgix.net/6c29997a-eda1-468d-839c-af24d73d78ed.jpg?w=380&h=238&fm=jpg&auto=compress&fit=crop","price":"4.99","pricePer":"$0.62 / oz","purchaseUnit":"8 oz"},{"mainCategory":"Produce","categoryName":"Prepped Vegetables","subCategoryName":"Peas & Beans","title":"Trimmed Green Beans","producer":"Healthy Food Inc. Kitchen","photoPath":"https://goodeggs4.imgix.net/b0314266-c70e-4a3f-8ef4-67d7161aa88c.jpg?w=380&h=238&fm=jpg&auto=compress&fit=crop","price":"4.99","pricePer":"$8.87 / lb","purchaseUnit":"9 oz"},{"mainCategory":"Produce","categoryName":"Prepped Vegetables","subCategoryName":"Mushrooms","title":"Organic Sliced Cremini Mushrooms","producer":"Monterey Mushrooms","photoPath":"https://goodeggs4.imgix.net/3215b28c-9801-4562-8bc5-3791f31d0246.jpg?w=380&h=238&fm=jpg&auto=compress&fit=crop","price":"3.99","pricePer":"$7.98 / lb","purchaseUnit":"8 oz"},{"mainCategory":"Produce","categoryName":"Prepped Vegetables","subCategoryName":"Mushrooms","title":"Organic Sliced White Button Mushrooms","producer":"Monterey Mushrooms","photoPath":"https://goodeggs4.imgix.net/3d931035-67a4-4f7d-bef4-d02975506341.jpg?w=380&h=238&fm=jpg&auto=compress&fit=crop","price":"3.79","pricePer":"$7.58 / lb","purchaseUnit":"8 oz"},{"mainCategory":"Produce","categoryName":"Prepped Vegetables","subCategoryName":"Mushrooms","title":"Sliced Portabella Mushrooms","producer":"Healthy Food Inc. Kitchen","photoPath":"https://goodeggs4.imgix.net/dd1bdf80-8d9f-11eb-9180-134c133f9914?w=380&h=238&fm=jpg&auto=compress&fit=crop","price":"7.99","pricePer":"$1.33 / oz","purchaseUnit":"6 oz"},{"mainCategory":"Produce","categoryName":"Prepped Vegetables","subCategoryName":"Carrots & Celery","title":"Carrot & Celery Sticks","producer":"Healthy Food Inc. Kitchen","photoPath":"https://goodeggs4.imgix.net/a825db50-fea8-4cd8-86c3-41c39bb4968d.jpg?w=380&h=238&fm=jpg&auto=compress&fit=crop","price":"3.99","pricePer":"$0.40 / oz","purchaseUnit":"10 oz"},{"mainCategory":"Produce","categoryName":"Prepped Vegetables","subCategoryName":"Carrots & Celery","title":"Carrot Sticks","producer":"Healthy Food Inc. Kitchen","photoPath":"https://goodeggs4.imgix.net/0e412f88-ec0a-43bc-a9e3-6f72aa05182b.jpg?w=380&h=238&fm=jpg&auto=compress&fit=crop","price":"3.99","pricePer":"$0.66 / oz","purchaseUnit":"6 oz"},{"mainCategory":"Produce","categoryName":"Prepped Vegetables","subCategoryName":"Carrots & Celery","title":"Rainbow Carrot Sticks","producer":"Healthy Food Inc. Kitchen","photoPath":"https://goodeggs4.imgix.net/93a94770-8e4e-11eb-9180-134c133f9914?w=380&h=238&fm=jpg&auto=compress&fit=crop","price":"4.99","pricePer":"$0.83 / oz","purchaseUnit":"6 oz"},{"mainCategory":"Produce","categoryName":"Prepped Vegetables","subCategoryName":"Carrots & Celery","title":"Celery Sticks","producer":"Healthy Food Inc. Kitchen","photoPath":"https://goodeggs4.imgix.net/128633ad-6844-4f96-9ac0-06d6ba469d15.jpg?w=380&h=238&fm=jpg&auto=compress&fit=crop","price":"3.99","pricePer":"$0.40 / oz","purchaseUnit":"10 oz"},{"mainCategory":"Produce","categoryName":"Prepped Vegetables","subCategoryName":"Carrots & Celery","title":"Cucumber & Carrot Spears","producer":"Healthy Food Inc. Kitchen","photoPath":"https://goodeggs4.imgix.net/59b3d2c0-92f8-419f-b0e9-baedc84d4304.jpg?w=380&h=238&fm=jpg&auto=compress&fit=crop","price":"4.99","pricePer":"$0.49 / oz","purchaseUnit":"10 oz"},{"mainCategory":"Produce","categoryName":"Prepped Vegetables","subCategoryName":"Carrots & Celery","title":"Shredded Carrots","producer":"Healthy Food Inc. Kitchen","photoPath":"https://goodeggs4.imgix.net/5d2ad3ee-8b82-44f4-8d82-48879d7a59f2.jpg?w=380&h=238&fm=jpg&auto=compress&fit=crop","price":"3.99","pricePer":"$0.40 / oz","purchaseUnit":"10 oz"},{"mainCategory":"Produce","categoryName":"Prepped Vegetables","subCategoryName":"Carrots & Celery","title":"Crinkle Cut Carrot Coins","producer":"Healthy Food Inc. Kitchen","photoPath":"https://goodeggs4.imgix.net/b7c9afa6-a3fc-4038-9feb-73690cadf851.jpg?w=380&h=238&fm=jpg&auto=compress&fit=crop","price":"3.99","pricePer":"$0.49 / oz","purchaseUnit":"8 oz"},{"mainCategory":"Produce","categoryName":"Prepped Vegetables","subCategoryName":"Broccoli & Cauliflower","title":"Broccoli Florets","producer":"Healthy Food Inc. Kitchen","photoPath":"https://goodeggs4.imgix.net/ed644d39-a5a1-42f8-bac0-6f8992e10082.jpg?w=380&h=238&fm=jpg&auto=compress&fit=crop","price":"5.99","pricePer":"$10.64 / lb","purchaseUnit":"9 oz"},{"mainCategory":"Produce","categoryName":"Prepped Vegetables","subCategoryName":"Broccoli & Cauliflower","title":"Broccoli & Cauliflower Florets","producer":"Healthy Food Inc. Kitchen","photoPath":"https://goodeggs4.imgix.net/5bac23cd-dfe8-4bb0-9e5f-5163fe052a93.jpg?w=380&h=238&fm=jpg&auto=compress&fit=crop","price":"5.99","pricePer":"$10.64 / lb","purchaseUnit":"9 oz"},{"mainCategory":"Produce","categoryName":"Prepped Vegetables","subCategoryName":"Broccoli & Cauliflower","title":"Organic Riced Cauliflower","producer":"Josie's Organics","photoPath":"https://goodeggs4.imgix.net/dd006256-d64e-4d7a-9f47-708aea7d69f3.jpg?w=380&h=238&fm=jpg&auto=compress&fit=crop","price":"4.99","pricePer":"$0.49 / oz","purchaseUnit":"10 oz"},{"mainCategory":"Produce","categoryName":"Prepped Vegetables","subCategoryName":"Broccoli & Cauliflower","title":"Cauliflower Florets","producer":"Healthy Food Inc. Kitchen","photoPath":"https://goodeggs4.imgix.net/6280e439-4c9c-4119-87cd-b3addbceef5c.jpg?w=380&h=238&fm=jpg&auto=compress&fit=crop","price":"5.99","pricePer":"$0.66 / oz","purchaseUnit":"9 oz"},{"mainCategory":"Produce","categoryName":"Prepped Vegetables","subCategoryName":"Lettuce & Cabbage","title":"Cabbage Slaw","producer":"Healthy Food Inc. Kitchen","photoPath":"https://goodeggs4.imgix.net/417e7dd2-56ff-412d-9f06-1f41051a38ab.jpg?w=380&h=238&fm=jpg&auto=compress&fit=crop","price":"4.99","pricePer":"$0.62 / oz","purchaseUnit":"8 oz"},{"mainCategory":"Produce","categoryName":"Prepped Vegetables","subCategoryName":"Lettuce & Cabbage","title":"Shredded Green & Red Cabbage","producer":"Healthy Food Inc. Kitchen","photoPath":"https://goodeggs4.imgix.net/e667d5d0-8e4e-11eb-a74a-432eca49252a?w=380&h=238&fm=jpg&auto=compress&fit=crop","price":"3.99","pricePer":"$0.66 / oz","purchaseUnit":"6 oz"},{"mainCategory":"Produce","categoryName":"Prepped Vegetables","subCategoryName":"Lettuce & Cabbage","title":"Shredded Red Cabbage","producer":"Healthy Food Inc. Kitchen","photoPath":"https://goodeggs4.imgix.net/e47c3270-8e4e-11eb-a74a-432eca49252a?w=380&h=238&fm=jpg&auto=compress&fit=crop","price":"3.99","pricePer":"$0.66 / oz","purchaseUnit":"6 oz"},{"mainCategory":"Produce","categoryName":"Prepped Vegetables","subCategoryName":"Lettuce & Cabbage","title":"Shredded Cabbage","producer":"Healthy Food Inc. Kitchen","photoPath":"https://goodeggs4.imgix.net/356d31a4-2656-41b3-b28a-00d226c873f7.jpg?w=380&h=238&fm=jpg&auto=compress&fit=crop","price":"3.99","pricePer":"$0.66 / oz","purchaseUnit":"6 oz"},{"mainCategory":"Produce","categoryName":"Prepped Vegetables","subCategoryName":"Lettuce & Cabbage","title":"Washed Lacinato Kale Ribbons","producer":"Healthy Food Inc. Kitchen","photoPath":"https://goodeggs4.imgix.net/b6e2820b-e386-4253-adc5-7838bdc63628.jpg?w=380&h=238&fm=jpg&auto=compress&fit=crop","price":"4.99","pricePer":"$0.62 / oz","purchaseUnit":"8 oz"},{"mainCategory":"Produce","categoryName":"Prepped Vegetables","subCategoryName":"Mixed Packs","title":"Fajita Veggie Mix","producer":"Healthy Food Inc. Kitchen","photoPath":"https://goodeggs4.imgix.net/c627a54c-e9cd-43a5-b3f2-332bcdb2bb8f.jpg?w=380&h=238&fm=jpg&auto=compress&fit=crop","price":"6.99","pricePer":"$0.44 / oz","purchaseUnit":"16 oz"},{"mainCategory":"Produce","categoryName":"Prepped Vegetables","subCategoryName":"Mixed Packs","title":"Stir Fry Mix","producer":"Healthy Food Inc. Kitchen","photoPath":"https://goodeggs4.imgix.net/ae50cf3d-2afd-4cfb-900f-c2b85054e3c1.jpg?w=380&h=238&fm=jpg&auto=compress&fit=crop","price":"5.99","pricePer":"$9.58 / lb","purchaseUnit":"10 oz"},{"mainCategory":"Produce","categoryName":"Prepped Vegetables","subCategoryName":"Potatoes & Squash","title":"Butternut Cubes","producer":"Healthy Food Inc. Kitchen","photoPath":"https://goodeggs4.imgix.net/9e6bb0f9-70be-40b2-af4d-fe932fedc0ba.jpg?w=380&h=238&fm=jpg&auto=compress&fit=crop","price":"6.99","pricePer":"$0.44 / oz","purchaseUnit":"16 oz"},{"mainCategory":"Produce","categoryName":"Prepped Vegetables","subCategoryName":"Potatoes & Squash","title":"Sweet Potato Sticks","producer":"Healthy Food Inc. Kitchen","photoPath":"https://goodeggs4.imgix.net/a96b53e4-4cfd-4f60-9d18-b62660c6d7da.jpg?w=380&h=238&fm=jpg&auto=compress&fit=crop","price":"4.99","pricePer":"$0.49 / oz","purchaseUnit":"10 oz"},{"mainCategory":"Produce","categoryName":"Prepped Vegetables","subCategoryName":"Potatoes & Squash","title":"Kabocha Squash Wedges","producer":"Healthy Food Inc. Kitchen","photoPath":"https://goodeggs4.imgix.net/341bff4c-7dac-4f75-ba61-ba20164da5ae.jpg?w=380&h=238&fm=jpg&auto=compress&fit=crop","price":"7.99","pricePer":"$0.57 / oz","purchaseUnit":"14 oz"},{"mainCategory":"Produce","categoryName":"Prepped Vegetables","subCategoryName":"Potatoes & Squash","title":"Cubed Rainbow Sweet Potatoes","producer":"Healthy Food Inc. Kitchen","photoPath":"https://goodeggs4.imgix.net/9cbdc605-06fa-4b23-958a-75553eed5ae4.jpg?w=380&h=238&fm=jpg&auto=compress&fit=crop","price":"5.99","pricePer":"$0.59 / oz","purchaseUnit":"10 oz"},{"mainCategory":"Produce","categoryName":"Prepped Vegetables","subCategoryName":"Potatoes & Squash","title":"Halved Golden Potatoes","producer":"Healthy Food Inc. Kitchen","photoPath":"https://goodeggs4.imgix.net/a768c903-5a56-4233-bd14-1bc3fce94580.jpg?w=380&h=238&fm=jpg&auto=compress&fit=crop","price":"5.99","pricePer":"$5.99 / lb","purchaseUnit":"16 oz"},{"mainCategory":"Produce","categoryName":"Prepped Vegetables","subCategoryName":"Potatoes & Squash","title":"Potatoes & Herb Butter","producer":"Healthy Food Inc. Kitchen","photoPath":"https://goodeggs4.imgix.net/2db3dec0-81f7-11eb-9783-f3d67f42bb6b?w=380&h=238&fm=jpg&auto=compress&fit=crop","price":"5.99","pricePer":"$0.37 / oz","purchaseUnit":"16 oz"},{"mainCategory":"Produce","categoryName":"Prepped Vegetables","subCategoryName":"Garlic & Onions","title":"Peeled Garlic","producer":"Healthy Food Inc. Kitchen","photoPath":"https://goodeggs4.imgix.net/b32520d1-eebc-4784-8130-9060b0a98d05.jpg?w=380&h=238&fm=jpg&auto=compress&fit=crop","price":"3.99","pricePer":"$0.99 / oz","purchaseUnit":"4 oz"},{"mainCategory":"Produce","categoryName":"Prepped Vegetables","subCategoryName":"Garlic & Onions","title":"Sliced Scallions","producer":"Healthy Food Inc. Kitchen","photoPath":"https://goodeggs4.imgix.net/d5ddc310-88e9-11eb-8ffc-b73267f90a16?w=380&h=238&fm=jpg&auto=compress&fit=crop","price":"3.99","pricePer":"$15.96 / lb","purchaseUnit":"4 oz"},{"mainCategory":"Produce","categoryName":"Prepped Vegetables","subCategoryName":"Garlic & Onions","title":"Leek Coins","producer":"Healthy Food Inc. Kitchen","photoPath":"https://goodeggs4.imgix.net/ef5477d2-3c00-49c4-954c-fe6405b1b7b7.jpg?w=380&h=238&fm=jpg&auto=compress&fit=crop","price":"4.99","pricePer":"$0.62 / oz","purchaseUnit":"8 oz"},{"mainCategory":"Produce","categoryName":"Prepped Vegetables","subCategoryName":"Garlic & Onions","title":"Diced Yellow Onions","producer":"Healthy Food Inc. Kitchen","photoPath":"https://goodeggs4.imgix.net/8ff19af9-f125-4260-95f9-d9ef25bc0f6b.jpg?w=380&h=238&fm=jpg&auto=compress&fit=crop","price":"3.99","pricePer":"$7.98 / lb","purchaseUnit":"8 oz"},{"mainCategory":"Produce","categoryName":"Prepped Vegetables","subCategoryName":"Garlic & Onions","title":"Diced Red Onion","producer":"Healthy Food Inc. Kitchen","photoPath":"https://goodeggs4.imgix.net/9b392197-2647-4575-8aad-eb6f44d1430d.jpg?w=380&h=238&fm=jpg&auto=compress&fit=crop","price":"3.99","pricePer":"$7.98 / lb","purchaseUnit":"8 oz"},{"mainCategory":"Produce","categoryName":"Prepped Vegetables","subCategoryName":"Other Vegetables","title":"Diced Mixed Beets","producer":"Healthy Food Inc. Kitchen","photoPath":"https://goodeggs4.imgix.net/0f167702-bd25-46f6-95c5-30bfe217de23.jpg?w=380&h=238&fm=jpg&auto=compress&fit=crop","price":"7.99","pricePer":"$0.79 / oz","purchaseUnit":"10 oz"},{"mainCategory":"Produce","categoryName":"Prepped Vegetables","subCategoryName":"Other Vegetables","title":"Sliced Red Radishes","producer":"Healthy Food Inc. Kitchen","photoPath":"https://goodeggs4.imgix.net/0d93c041-f9d5-4b3d-ba5c-b8b4f811589a.jpg?w=380&h=238&fm=jpg&auto=compress&fit=crop","price":"3.99","pricePer":"$1.99 / oz","purchaseUnit":"2 oz"},{"mainCategory":"Produce","categoryName":"Prepped Vegetables","subCategoryName":"Other Vegetables","title":"Sliced Jalapeños","producer":"Healthy Food Inc. Kitchen","photoPath":"https://goodeggs4.imgix.net/9ce5d54c-850d-45e6-84c5-537635968201.jpg?w=380&h=238&fm=jpg&auto=compress&fit=crop","price":"2.99","pricePer":"$1.49 / oz","purchaseUnit":"2 oz"},{"mainCategory":"Produce","categoryName":"Prepped Vegetables","subCategoryName":"Other Vegetables","title":"Halved Brussels Sprouts","producer":"Healthy Food Inc. Kitchen","photoPath":"https://goodeggs4.imgix.net/47d44276-66ab-4d26-8ae2-d5dbae7cc036.jpg?w=380&h=238&fm=jpg&auto=compress&fit=crop","price":"9.99","pricePer":"$0.83 / oz","purchaseUnit":"12 oz"},{"mainCategory":"Produce","categoryName":"Prepped Vegetables","subCategoryName":"Other Vegetables","title":"Diced Root Vegetable Medley","producer":"Healthy Food Inc. Kitchen","photoPath":"https://goodeggs4.imgix.net/bf349f82-9ac2-439d-be6b-37266a1c60bf.jpg?w=380&h=238&fm=jpg&auto=compress&fit=crop","price":"5.99","pricePer":"$0.59 / oz","purchaseUnit":"10 oz"},{"mainCategory":"Produce","categoryName":"Prepped Vegetables","subCategoryName":"Other Vegetables","title":"Organic Zucchini Spirals","producer":"Cece's Veggie Noodle Co.","photoPath":"https://goodeggs4.imgix.net/bd881bfb-15a8-45ea-b40e-eb1af9d0b9cf.jpg?w=380&h=238&fm=jpg&auto=compress&fit=crop","price":"5.99","pricePer":"$0.55 / oz","purchaseUnit":"10.7 oz"},{"mainCategory":"Produce","categoryName":"Prepped Vegetables","subCategoryName":"Other Vegetables","title":"Asparagus & Herb Butter","producer":"Healthy Food Inc. Kitchen","photoPath":"https://goodeggs4.imgix.net/3071ed50-81f7-11eb-9783-f3d67f42bb6b?w=380&h=238&fm=jpg&auto=compress&fit=crop","price":"9.99","pricePer":"$0.62 / oz","purchaseUnit":"16 oz"},{"mainCategory":"Produce","categoryName":"Prepped Vegetables","subCategoryName":"Other Vegetables","title":"Cleaned and Trimmed Corn","producer":"Healthy Food Inc. Kitchen","photoPath":"https://goodeggs4.imgix.net/5627bb35-57f0-463e-b46b-cbdc8dfae5ea.jpg?w=380&h=238&fm=jpg&auto=compress&fit=crop","price":"9.99","pricePer":"$4.99 / lb","purchaseUnit":"3 count"},{"mainCategory":"Produce","categoryName":"Flowers","subCategoryName":"Bouquets","title":"Organic Mixed Seasonal Flower Bouquet","producer":"Full Belly Farm","photoPath":"https://goodeggs4.imgix.net/e3e842f8-679d-45af-b5a7-ef7a81ecb237.jpg?w=380&h=238&fm=jpg&auto=compress&fit=crop","price":"14.99","pricePer":null,"purchaseUnit":"1 bunch"},{"mainCategory":"Produce","categoryName":"Flowers","subCategoryName":"Bouquets","title":"Seasonal Protea Bouquet","producer":"Resendiz Brothers","photoPath":"https://goodeggs4.imgix.net/823de31b-8b00-413b-9d31-a74b4f8761a5.jpg?w=380&h=238&fm=jpg&auto=compress&fit=crop","price":"19.99","pricePer":null,"purchaseUnit":"1 bunch"},{"mainCategory":"Produce","categoryName":"Flowers","subCategoryName":"Bouquets","title":"Organic Cutie Seasonal Bouquet","producer":"Thomas Farm","photoPath":"https://goodeggs4.imgix.net/7b8c5ed3-8673-11eb-8665-71949032d855?w=380&h=238&fm=jpg&auto=compress&fit=crop","price":"12.99","pricePer":null,"purchaseUnit":"1 count"},{"mainCategory":"Produce","categoryName":"Flowers","subCategoryName":"Bouquets","title":"Organic Large Mixed Flower Bouquet","producer":"Full Belly Farm","photoPath":"https://goodeggs4.imgix.net/2be8d22e-d2ad-449d-bbda-358d74e1bb76.jpg?w=380&h=238&fm=jpg&auto=compress&fit=crop","price":"27.99","pricePer":null,"purchaseUnit":"1 bunch"},{"mainCategory":"Produce","categoryName":"Flowers","subCategoryName":"Bouquets","title":"Organic Seasonal Bouquet","producer":"Thomas Farm","photoPath":"https://goodeggs4.imgix.net/7b8c5ed1-8673-11eb-8665-71949032d855?w=380&h=238&fm=jpg&auto=compress&fit=crop","price":"19.99","pricePer":null,"purchaseUnit":"1 bunch"},{"mainCategory":"Produce","categoryName":"Flowers","subCategoryName":"Bouquets","title":"Small Seasonal Bouquet","producer":"California Pajarosa Floral","photoPath":"https://goodeggs4.imgix.net/7b8c5ed0-8673-11eb-8665-71949032d855?w=380&h=238&fm=jpg&auto=compress&fit=crop","price":"11.99","pricePer":null,"purchaseUnit":"1 bunch"},{"mainCategory":"Produce","categoryName":"Flowers","subCategoryName":"Bouquets","title":"Seasonal Bouquet","producer":"California Pajarosa Floral","photoPath":"https://goodeggs4.imgix.net/7b8c5ed5-8673-11eb-8665-71949032d855?w=380&h=238&fm=jpg&auto=compress&fit=crop","price":"29.99","pricePer":null,"purchaseUnit":"1 bunch"},{"mainCategory":"Produce","categoryName":"Flowers","subCategoryName":"Bouquets","title":"Organic Large Seasonal Bouquet","producer":"Thomas Farm","photoPath":"https://goodeggs4.imgix.net/7b8c5ed2-8673-11eb-8665-71949032d855?w=380&h=238&fm=jpg&auto=compress&fit=crop","price":"24.99","pricePer":null,"purchaseUnit":"1 count"},{"mainCategory":"Produce","categoryName":"Flowers","subCategoryName":"Bouquets","title":"Large Seasonal Bouquet","producer":"California Pajarosa Floral","photoPath":"https://goodeggs4.imgix.net/7b8c5ed4-8673-11eb-8665-71949032d855?w=380&h=238&fm=jpg&auto=compress&fit=crop","price":"49.99","pricePer":null,"purchaseUnit":"1 bunch"},{"mainCategory":"Produce","categoryName":"Flowers","subCategoryName":"Bouquets","title":"Organic Herbal Bouquet","producer":"Bluma Farm","photoPath":"https://goodeggs4.imgix.net/2aa33561-1aaf-41f1-9d38-0c8b5c5f388d.jpg?w=380&h=238&fm=jpg&auto=compress&fit=crop","price":"19.99","pricePer":null,"purchaseUnit":"1 bunch"},{"mainCategory":"Produce","categoryName":"Flowers","subCategoryName":"Seasonal Flowers","title":"Almond Blossom Branches","producer":"Repetto Nursery","photoPath":"https://goodeggs4.imgix.net/b6912277-5820-48f0-ab4f-2fb6a65f37e0.jpg?w=380&h=238&fm=jpg&auto=compress&fit=crop","price":"12.99","pricePer":null,"purchaseUnit":"1 bunch"},{"mainCategory":"Produce","categoryName":"Flowers","subCategoryName":"Seasonal Flowers","title":"Organic Edible Flowers","producer":"Jacobs Farm","photoPath":"https://goodeggs4.imgix.net/f5b0b1e6-e3b4-4be5-89fe-68d4bbaaaebd.jpg?w=380&h=238&fm=jpg&auto=compress&fit=crop","price":"3.99","pricePer":"$5.32 / oz","purchaseUnit":"0.75 oz"},{"mainCategory":"Produce","categoryName":"Flowers","subCategoryName":"Seasonal Flowers","title":"Viburnum","producer":"Lassen Ranch","photoPath":"https://goodeggs4.imgix.net/ef63f218-cb32-4142-a674-19eb37a958f1.jpg?w=380&h=238&fm=jpg&auto=compress&fit=crop","price":"8.99","pricePer":null,"purchaseUnit":"1 bunch"},{"mainCategory":"Produce","categoryName":"Flowers","subCategoryName":"Seasonal Flowers","title":"Icelandic Petite Poppies","producer":"Repetto Nursery","photoPath":"https://goodeggs4.imgix.net/ea82551d-6bf9-4c40-a5d8-a0e6da3bf73e.jpg?w=380&h=238&fm=jpg&auto=compress&fit=crop","price":"9.99","pricePer":null,"purchaseUnit":"1 bunch"},{"mainCategory":"Produce","categoryName":"Flowers","subCategoryName":"Seasonal Flowers","title":"Organic Canterbury Bells","producer":"Full Belly Farm","photoPath":"https://goodeggs4.imgix.net/6758305c-12fe-4085-8969-d04a29141b97.jpg?w=380&h=238&fm=jpg&auto=compress&fit=crop","price":"11.99","pricePer":null,"purchaseUnit":"1 bunch"},{"mainCategory":"Produce","categoryName":"Flowers","subCategoryName":"Seasonal Flowers","title":"Bells of Ireland","producer":"Repetto Nursery","photoPath":"https://goodeggs4.imgix.net/05026065-16f3-4726-9500-49b2c120d6c7.jpg?w=380&h=238&fm=jpg&auto=compress&fit=crop","price":"11.99","pricePer":null,"purchaseUnit":"1 bunch"},{"mainCategory":"Produce","categoryName":"Flowers","subCategoryName":"Seasonal Flowers","title":"Kangaroo Paw","producer":"Repetto Nursery","photoPath":"https://goodeggs4.imgix.net/d4f726fe-45ac-493c-90ce-f251f37ce4a1.jpg?w=380&h=238&fm=jpg&auto=compress&fit=crop","price":"8.99","pricePer":null,"purchaseUnit":"1 bunch"},{"mainCategory":"Produce","categoryName":"Flowers","subCategoryName":"Seasonal Flowers","title":"Craspedia (Billy Balls)","producer":"Repetto Nursery","photoPath":"https://goodeggs4.imgix.net/39174846-8294-44bf-a9f5-dcd5c25bd830.jpg?w=380&h=238&fm=jpg&auto=compress&fit=crop","price":"9.99","pricePer":null,"purchaseUnit":"1 bunch"},{"mainCategory":"Produce","categoryName":"Flowers","subCategoryName":"Seasonal Flowers","title":"Orange Pincushion Protea","producer":"Resendiz Brothers","photoPath":"https://goodeggs4.imgix.net/64684947-9cbe-49b4-b964-c4886caba95f.jpg?w=380&h=238&fm=jpg&auto=compress&fit=crop","price":"3.99","pricePer":null,"purchaseUnit":"1 count"},{"mainCategory":"Produce","categoryName":"Flowers","subCategoryName":"Seasonal Flowers","title":"Larkspur","producer":"Repetto Nursery","photoPath":"https://goodeggs4.imgix.net/1db85b94-9cf0-41c7-b17c-9cb400e66e62.jpg?w=380&h=238&fm=jpg&auto=compress&fit=crop","price":"11.99","pricePer":null,"purchaseUnit":"1 bunch"},{"mainCategory":"Produce","categoryName":"Flowers","subCategoryName":"Seasonal Flowers","title":"Farmer's Choice Stock","producer":"Repetto Nursery","photoPath":"https://goodeggs4.imgix.net/7263f8c8-88d1-44c5-9640-6456dcf73c26.jpg?w=380&h=238&fm=jpg&auto=compress&fit=crop","price":"11.99","pricePer":null,"purchaseUnit":"1 bunch"},{"mainCategory":"Produce","categoryName":"Flowers","subCategoryName":"Seasonal Flowers","title":"Star Of Bethlehem","producer":"Repetto Nursery","photoPath":"https://goodeggs4.imgix.net/664b6004-b5d2-404a-ad14-91ecaa818a3b.jpg?w=380&h=238&fm=jpg&auto=compress&fit=crop","price":"12.99","pricePer":null,"purchaseUnit":"1 bunch"},{"mainCategory":"Produce","categoryName":"Flowers","subCategoryName":"Seasonal Flowers","title":"Organic Dusty Miller","producer":"Blue House Organic Farm","photoPath":"https://goodeggs4.imgix.net/b5a11d21-9649-4e06-9a51-e5b5ac603aeb.jpg?w=380&h=238&fm=jpg&auto=compress&fit=crop","price":"10.99","pricePer":null,"purchaseUnit":"1 bunch"},{"mainCategory":"Produce","categoryName":"Flowers","subCategoryName":"Seasonal Flowers","title":"Florist's Choice Snapdragons","producer":"Repetto Nursery","photoPath":"https://goodeggs4.imgix.net/5ca428c8-907d-4124-a7bb-6af88d9bfcb3.jpg?w=380&h=238&fm=jpg&auto=compress&fit=crop","price":"10.99","pricePer":null,"purchaseUnit":"1 bunch"},{"mainCategory":"Produce","categoryName":"Flowers","subCategoryName":"Seasonal Flowers","title":"Sunflowers","producer":"Repetto Nursery","photoPath":"https://goodeggs4.imgix.net/63e1f010-db1c-41b9-9ea6-27ae2a1f6578.jpg?w=380&h=238&fm=jpg&auto=compress&fit=crop","price":"9.99","pricePer":null,"purchaseUnit":"1 bunch"},{"mainCategory":"Produce","categoryName":"Flowers","subCategoryName":"Seasonal Flowers","title":"Organic Large Sunflowers","producer":"Full Belly Farm","photoPath":"https://goodeggs4.imgix.net/1d0dca1b-f1dd-438a-b2e4-7516eec9f957.jpg?w=380&h=238&fm=jpg&auto=compress&fit=crop","price":"11.99","pricePer":null,"purchaseUnit":"1 bunch"},{"mainCategory":"Produce","categoryName":"Flowers","subCategoryName":"Seasonal Flowers","title":"Organic Sweet Peas","producer":"Fifth Crow Farm","photoPath":"https://goodeggs4.imgix.net/3c6f290c-8db2-4837-8b17-a6ebae7efb1e.jpg?w=380&h=238&fm=jpg&auto=compress&fit=crop","price":"10.99","pricePer":null,"purchaseUnit":"1 bunch"},{"mainCategory":"Produce","categoryName":"Flowers","subCategoryName":"Seasonal Flowers","title":"Organic Sweet Peas","producer":"Lonely Mountain Farm","photoPath":"https://goodeggs4.imgix.net/2748db9c-72be-48d6-b3f1-ad2fa81366bf.jpg?w=380&h=238&fm=jpg&auto=compress&fit=crop","price":"10.99","pricePer":null,"purchaseUnit":"1 bunch"},{"mainCategory":"Produce","categoryName":"Flowers","subCategoryName":"Seasonal Flowers","title":"Florist's Choice Tulip Trio","producer":"Kitayama Brothers Farms","photoPath":"https://goodeggs4.imgix.net/32233ff4-1885-4eb9-9f58-3e6477458b54.jpg?w=380&h=238&fm=jpg&auto=compress&fit=crop","price":"29.99","pricePer":null,"purchaseUnit":"3 bunch"},{"mainCategory":"Produce","categoryName":"Flowers","subCategoryName":"Seasonal Flowers","title":"Florist's Choice Tulips","producer":"Kitayama Brothers Farms","photoPath":"https://goodeggs4.imgix.net/1b42b714-4118-416c-8dd4-10391120e84b.jpg?w=380&h=238&fm=jpg&auto=compress&fit=crop","price":"12.99","pricePer":null,"purchaseUnit":"1 bunch"},{"mainCategory":"Produce","categoryName":"Flowers","subCategoryName":"Seasonal Flowers","title":"Yellow Pincushion Protea","producer":"Resendiz Brothers","photoPath":"https://goodeggs4.imgix.net/fe91f4e4-4656-4f48-9dff-6afc8e051631.jpg?w=380&h=238&fm=jpg&auto=compress&fit=crop","price":"2.79","pricePer":null,"purchaseUnit":"1 count"},{"mainCategory":"Produce","categoryName":"Flowers","subCategoryName":"Seasonal Flowers","title":"Peonies","producer":"Lassen Ranch","photoPath":"https://goodeggs4.imgix.net/8b5b4632-780c-4821-8ce5-274d5cee3212.jpg?w=380&h=238&fm=jpg&auto=compress&fit=crop","price":"29.99","pricePer":null,"purchaseUnit":"1 bunch"},{"mainCategory":"Produce","categoryName":"Flowers","subCategoryName":"Year-Round Flowers","title":"Farmer's Choice Alstromeria","producer":"Repetto Nursery","photoPath":"https://goodeggs4.imgix.net/21b9453b-57d0-493f-82a2-766761e7687b.jpg?w=380&h=238&fm=jpg&auto=compress&fit=crop","price":"8.99","pricePer":null,"purchaseUnit":"1 bunch"},{"mainCategory":"Produce","categoryName":"Flowers","subCategoryName":"Year-Round Flowers","title":"Golden Mini Calla Lilies","producer":"Kitayama Brothers Farms","photoPath":"https://goodeggs4.imgix.net/b4710b17-edc0-451e-b2cf-4e59a1b4b8a7.jpg?w=380&h=238&fm=jpg&auto=compress&fit=crop","price":"19.99","pricePer":null,"purchaseUnit":"1 bunch"},{"mainCategory":"Produce","categoryName":"Flowers","subCategoryName":"Year-Round Flowers","title":"White Mini Calla Lilies","producer":"Kitayama Brothers Farms","photoPath":"https://goodeggs4.imgix.net/3250dd40-559d-4ba0-8c78-bad8dd02ea23.jpg?w=380&h=238&fm=jpg&auto=compress&fit=crop","price":"19.99","pricePer":null,"purchaseUnit":"1 bunch"},{"mainCategory":"Produce","categoryName":"Flowers","subCategoryName":"Year-Round Flowers","title":"Pink Mini Calla Lilies","producer":"Kitayama Brothers Farms","photoPath":"https://goodeggs4.imgix.net/72165502-dee6-4004-a1d4-22c5b68129ff.jpg?w=380&h=238&fm=jpg&auto=compress&fit=crop","price":"19.99","pricePer":null,"purchaseUnit":"1 bunch"},{"mainCategory":"Produce","categoryName":"Flowers","subCategoryName":"Year-Round Flowers","title":"Ornamental Kale","producer":"Repetto Nursery","photoPath":"https://goodeggs4.imgix.net/98a81de5-81e9-4e8f-8aec-f89549338f4e.jpg?w=380&h=238&fm=jpg&auto=compress&fit=crop","price":"9.99","pricePer":null,"purchaseUnit":"1 bunch"},{"mainCategory":"Produce","categoryName":"Flowers","subCategoryName":"Year-Round Flowers","title":"Pink Stargazer Lily","producer":"Kitayama Brothers Farms","photoPath":"https://goodeggs4.imgix.net/0bf7f20f-6bc0-4bf8-907d-adb1a6eec35c.jpg?w=380&h=238&fm=jpg&auto=compress&fit=crop","price":"11.99","pricePer":null,"purchaseUnit":"1 bunch"},{"mainCategory":"Produce","categoryName":"Flowers","subCategoryName":"Year-Round Flowers","title":"White Stargazer Lily","producer":"Kitayama Brothers Farms","photoPath":"https://goodeggs4.imgix.net/cc263a20-990f-4da7-954c-76059fe383e8.jpg?w=380&h=238&fm=jpg&auto=compress&fit=crop","price":"11.99","pricePer":null,"purchaseUnit":"1 bunch"},{"mainCategory":"Produce","categoryName":"Flowers","subCategoryName":"Year-Round Flowers","title":"Firebolt Stargazer Lily","producer":"Kitayama Brothers Farms","photoPath":"https://goodeggs4.imgix.net/df2e77f7-6985-4d71-9f20-7ad2739605a5.jpg?w=380&h=238&fm=jpg&auto=compress&fit=crop","price":"11.99","pricePer":null,"purchaseUnit":"1 bunch"},{"mainCategory":"Produce","categoryName":"Flowers","subCategoryName":"Year-Round Flowers","title":"Peach Garden Roses","producer":"California Pajarosa Floral","photoPath":"https://goodeggs4.imgix.net/9f995f8a-8d31-4ba6-809a-ec07806e4419.jpg?w=380&h=238&fm=jpg&auto=compress&fit=crop","price":"15.99","pricePer":null,"purchaseUnit":"1 bunch"},{"mainCategory":"Produce","categoryName":"Flowers","subCategoryName":"Year-Round Flowers","title":"Coral Spray Roses","producer":"California Pajarosa Floral","photoPath":"https://goodeggs4.imgix.net/dbd26c36-74bf-43d3-8bb9-9b57cce06abe.jpg?w=380&h=238&fm=jpg&auto=compress&fit=crop","price":"14.99","pricePer":null,"purchaseUnit":"1 bunch"},{"mainCategory":"Produce","categoryName":"Flowers","subCategoryName":"Year-Round Flowers","title":"White Spray Roses","producer":"California Pajarosa Floral","photoPath":"https://goodeggs4.imgix.net/b2ad389c-411a-4800-aa80-6c0cd4828a31.jpg?w=380&h=238&fm=jpg&auto=compress&fit=crop","price":"14.99","pricePer":null,"purchaseUnit":"1 bunch"},{"mainCategory":"Produce","categoryName":"Flowers","subCategoryName":"Year-Round Flowers","title":"Yellow Spray Roses","producer":"California Pajarosa Floral","photoPath":"https://goodeggs4.imgix.net/17731f2b-1078-4b32-a659-9ee5418330ff.jpg?w=380&h=238&fm=jpg&auto=compress&fit=crop","price":"14.99","pricePer":null,"purchaseUnit":"1 bunch"},{"mainCategory":"Produce","categoryName":"Flowers","subCategoryName":"Plants","title":"Potted Italian Heather","producer":"Coastal Nursery","photoPath":"https://goodeggs4.imgix.net/877ecf19-cb44-49cb-b868-0220577d99cb.jpg?w=380&h=238&fm=jpg&auto=compress&fit=crop","price":"29.99","pricePer":null,"purchaseUnit":"1 count"},{"mainCategory":"Produce","categoryName":"Flowers","subCategoryName":"Plants","title":"Potted Lavender","producer":"Coastal Nursery","photoPath":"https://goodeggs4.imgix.net/472df225-3996-4393-9a7f-8c1190b4c721.jpg?w=380&h=238&fm=jpg&auto=compress&fit=crop","price":"29.99","pricePer":null,"purchaseUnit":"1 count"},{"mainCategory":"Produce","categoryName":"Flowers","subCategoryName":"Plants","title":"Potted Chef's Choice Rosemary","producer":"Coastal Nursery","photoPath":"https://goodeggs4.imgix.net/53e3f123-8e4f-11eb-b501-af2be9b58b0f?w=380&h=238&fm=jpg&auto=compress&fit=crop","price":"29.99","pricePer":null,"purchaseUnit":"1 count"},{"mainCategory":"Produce","categoryName":"Flowers","subCategoryName":"Plants","title":"Potted Heart Ring Vine","producer":"Coastal Nursery","photoPath":"https://goodeggs4.imgix.net/53e3f120-8e4f-11eb-b501-af2be9b58b0f?w=380&h=238&fm=jpg&auto=compress&fit=crop","price":"29.99","pricePer":null,"purchaseUnit":"1 count"},{"mainCategory":"Produce","categoryName":"Flowers","subCategoryName":"Decorative Produce","title":"Almond Firewood with Kindling","producer":"Lazzari","photoPath":"https://goodeggs4.imgix.net/2709747f-8837-4289-a382-cb516fa1a6ab.jpg?w=380&h=238&fm=jpg&auto=compress&fit=crop","price":"19.99","pricePer":"$0.74 / lb","purchaseUnit":"27 lb"},{"mainCategory":"Produce","categoryName":"Fruits","subCategoryName":"Berries","title":"Organic Blackberries (Mexico)","producer":"From Our Farmers","photoPath":"https://goodeggs4.imgix.net/2f31d773-a649-48c8-a08a-24130908bc78.jpg?w=380&h=238&fm=jpg&auto=compress&fit=crop","price":"5.99","pricePer":"$0.99 / oz","purchaseUnit":"6 oz"},{"mainCategory":"Produce","categoryName":"Fruits","subCategoryName":"Berries","title":"Organic Blackberry 3-Pack (Mexico)","producer":"From Our Farmers","photoPath":"https://goodeggs4.imgix.net/94737c8d-a40e-493d-abea-262df5907e99.jpg?w=380&h=238&fm=jpg&auto=compress&fit=crop","price":"16.99","pricePer":"$0.94 / oz","purchaseUnit":"18 oz"},{"mainCategory":"Produce","categoryName":"Fruits","subCategoryName":"Berries","title":"Flat of Organic Blackberries (Mexico)","producer":"From Our Farmers","photoPath":"https://goodeggs4.imgix.net/9f8daca0-019d-42b5-b097-40390641587b.jpg?w=380&h=238&fm=jpg&auto=compress&fit=crop","price":"50.99","pricePer":"$0.70 / oz","purchaseUnit":"4.5 lb"},{"mainCategory":"Produce","categoryName":"Fruits","subCategoryName":"Berries","title":"Organic Blueberries","producer":"Triple Delight Blueberries","photoPath":"https://goodeggs4.imgix.net/6b8cc4a4-77a9-49f7-8321-65798c57a7a8.jpg?w=380&h=238&fm=jpg&auto=compress&fit=crop","price":"13.99","pricePer":"$0.77 / oz","purchaseUnit":"18 oz"},{"mainCategory":"Produce","categoryName":"Fruits","subCategoryName":"Berries","title":"Organic Blueberries","producer":"Triple Delight Blueberries","photoPath":"https://goodeggs4.imgix.net/e6dc45e2-156f-41b4-a58d-62c94dee899b.jpg?w=380&h=238&fm=jpg&auto=compress&fit=crop","price":"4.99","pricePer":"$0.83 / oz","purchaseUnit":"6 oz"},{"mainCategory":"Produce","categoryName":"Fruits","subCategoryName":"Berries","title":"Flat of Organic Blueberries","producer":"Coastal Moon","photoPath":"https://goodeggs4.imgix.net/23bba010-8b52-11eb-9783-f3d67f42bb6b?w=380&h=238&fm=jpg&auto=compress&fit=crop","price":"50.99","pricePer":"$0.70 / oz","purchaseUnit":"4.5 lb"},{"mainCategory":"Produce","categoryName":"Fruits","subCategoryName":"Berries","title":"Bulk Organic Blueberries","producer":"Triple Delight Blueberries","photoPath":"https://goodeggs4.imgix.net/fee7b343-60de-41d3-a3df-755b66454060.jpg?w=380&h=238&fm=jpg&auto=compress&fit=crop","price":"99.99","pricePer":"$0.62 / oz","purchaseUnit":"10 lb"},{"mainCategory":"Produce","categoryName":"Fruits","subCategoryName":"Berries","title":"Organic Mixed Berry Trio","producer":"From Our Farmers","photoPath":"https://goodeggs4.imgix.net/30b675ad-ef0a-4446-b367-54e5f744210c.jpg?w=380&h=238&fm=jpg&auto=compress&fit=crop","price":"14.99","pricePer":"$0.53 / oz","purchaseUnit":"3 count"},{"mainCategory":"Produce","categoryName":"Fruits","subCategoryName":"Berries","title":"Organic Mixed Berry Trio","producer":"From Our Farmers","photoPath":"https://goodeggs4.imgix.net/674dada0-491d-4967-9061-5c32df564387.jpg?w=380&h=238&fm=jpg&auto=compress&fit=crop","price":"14.99","pricePer":"$0.53 / oz","purchaseUnit":"3 count"},{"mainCategory":"Produce","categoryName":"Fruits","subCategoryName":"Berries","title":"Organic Raspberries (Mexico)","producer":"From Our Farmers","photoPath":"https://goodeggs4.imgix.net/6266d473-bf67-46a9-8d9e-945d87719c1b.jpg?w=380&h=238&fm=jpg&auto=compress&fit=crop","price":"5.99","pricePer":"$0.99 / oz","purchaseUnit":"6 oz"},{"mainCategory":"Produce","categoryName":"Fruits","subCategoryName":"Berries","title":"Organic Raspberry 3-Pack (Mexico)","producer":"From Our Farmers","photoPath":"https://goodeggs4.imgix.net/2a47ab6f-90ea-4ad2-ac77-e6bf37d85a47.jpg?w=380&h=238&fm=jpg&auto=compress&fit=crop","price":"16.99","pricePer":"$0.94 / oz","purchaseUnit":"18 oz"},{"mainCategory":"Produce","categoryName":"Fruits","subCategoryName":"Berries","title":"Flat of Organic Raspberries (Mexico)","producer":"From Our Farmers","photoPath":"https://goodeggs4.imgix.net/3417339f-f6cb-405e-aa05-c606e56789c1.jpg?w=380&h=238&fm=jpg&auto=compress&fit=crop","price":"50.99","pricePer":"$0.70 / oz","purchaseUnit":"4.5 lb"},{"mainCategory":"Produce","categoryName":"Fruits","subCategoryName":"Berries","title":"Flat of Organic & Fair Trade Raspberries (Mexico)","producer":"From Our Farmers","photoPath":"https://goodeggs4.imgix.net/3417339f-f6cb-405e-aa05-c606e56789c1.jpg?w=380&h=238&fm=jpg&auto=compress&fit=crop","price":"50.99","pricePer":"$0.70 / oz","purchaseUnit":"4.5 lb"},{"mainCategory":"Produce","categoryName":"Fruits","subCategoryName":"Berries","title":"Organic Chandler Strawberry 3-Pack","producer":"Swanton Berry Farm","photoPath":"https://goodeggs4.imgix.net/1c9c5402-12e0-4878-b8fe-d8aeebc47d29.jpg?w=380&h=238&fm=jpg&auto=compress&fit=crop","price":"16.99","pricePer":"$0.37 / oz","purchaseUnit":"3 pint"},{"mainCategory":"Produce","categoryName":"Fruits","subCategoryName":"Berries","title":"Organic Chandler Strawberries","producer":"Swanton Berry Farm","photoPath":"https://goodeggs4.imgix.net/b17eadf6-6360-46dc-85c4-8b4e22473091.jpg?w=380&h=238&fm=jpg&auto=compress&fit=crop","price":"5.99","pricePer":"$0.43 / oz","purchaseUnit":"1 pint"},{"mainCategory":"Produce","categoryName":"Fruits","subCategoryName":"Berries","title":"Flat of Organic Chandler Strawberries","producer":"Swanton Berry Farm","photoPath":"https://goodeggs4.imgix.net/ba12c987-5197-469a-ac05-644d1b3d6704.jpg?w=380&h=238&fm=jpg&auto=compress&fit=crop","price":"59.99","pricePer":"$0.36 / oz","purchaseUnit":"12 pint"},{"mainCategory":"Produce","categoryName":"Fruits","subCategoryName":"Berries","title":"Organic Strawberries","producer":"Coke Farms","photoPath":"https://goodeggs4.imgix.net/da971282-192e-4e81-ad07-6672091a7a66.jpg?w=380&h=238&fm=jpg&auto=compress&fit=crop","price":"5.99","pricePer":"$0.37 / oz","purchaseUnit":"1 lb"},{"mainCategory":"Produce","categoryName":"Fruits","subCategoryName":"Berries","title":"Organic Strawberry 3-Pack","producer":"Coke Farms","photoPath":"https://goodeggs4.imgix.net/f2f79e97-c18c-45a9-b943-32b83b8b97bd.jpg?w=380&h=238&fm=jpg&auto=compress&fit=crop","price":"16.99","pricePer":"$0.35 / oz","purchaseUnit":"3 lb"},{"mainCategory":"Produce","categoryName":"Fruits","subCategoryName":"Berries","title":"Flat of Organic Strawberries","producer":"Coke Farms","photoPath":"https://goodeggs4.imgix.net/c4a0eab7-5ded-49e0-a6e5-88e0bdc0ddd5.jpg?w=380&h=238&fm=jpg&auto=compress&fit=crop","price":"42.99","pricePer":"$0.34 / oz","purchaseUnit":"8 lb"},{"mainCategory":"Produce","categoryName":"Fruits","subCategoryName":"Berries","title":"Organic Mara de Bois Strawberries","producer":"JSM Organic Farms","photoPath":"https://goodeggs4.imgix.net/8922a2b3-4ada-49b8-9e79-3d7f3106fa05.jpg?w=380&h=238&fm=jpg&auto=compress&fit=crop","price":"4.99","pricePer":"$0.51 / oz","purchaseUnit":"1 half pint"},{"mainCategory":"Produce","categoryName":"Fruits","subCategoryName":"Berries","title":"Washed Berries & Mango","producer":"Healthy Food Inc. Kitchen","photoPath":"https://goodeggs4.imgix.net/d365c9af-1638-46d5-9456-bd0947c54e90.jpg?w=380&h=238&fm=jpg&auto=compress&fit=crop","price":"6.99","pricePer":"$0.87 / oz","purchaseUnit":"8 oz"},{"mainCategory":"Produce","categoryName":"Fruits","subCategoryName":"Berries","title":"Harry's Berries Organic Gaviota Strawberry Trio","producer":"Harry's Berries","photoPath":"https://goodeggs4.imgix.net/6d9953c2-88e7-11eb-b501-af2be9b58b0f?w=380&h=238&fm=jpg&auto=compress&fit=crop","price":"39.99","pricePer":"$0.83 / oz","purchaseUnit":"3 lb"},{"mainCategory":"Produce","categoryName":"Fruits","subCategoryName":"Berries","title":"Flat of Harry's Berries Organic Gaviota Strawberries","producer":"Harry's Berries","photoPath":"https://goodeggs4.imgix.net/d7505540-8c5f-11eb-9783-f3d67f42bb6b?w=380&h=238&fm=jpg&auto=compress&fit=crop","price":"99.99","pricePer":"$0.78 / oz","purchaseUnit":"8 lb"},{"mainCategory":"Produce","categoryName":"Fruits","subCategoryName":"Berries","title":"Harry's Berries Organic Gaviota Strawberries","producer":"Harry's Berries","photoPath":"https://goodeggs4.imgix.net/cdf48cf0-8c5f-11eb-a49c-035b9bcc7078?w=380&h=238&fm=jpg&auto=compress&fit=crop","price":"14.99","pricePer":"$1.24 / oz","purchaseUnit":"1 lb"},{"mainCategory":"Produce","categoryName":"Fruits","subCategoryName":"Lemons & Limes","title":"Organic Small Lemon","producer":"Fruit World Company","photoPath":"https://goodeggs4.imgix.net/b46ab9a6-2c19-4db1-a331-ba2b7bf0d586.jpg?w=380&h=238&fm=jpg&auto=compress&fit=crop","price":"0.89","pricePer":"$3.23 / lb","purchaseUnit":"1 count"},{"mainCategory":"Produce","categoryName":"Fruits","subCategoryName":"Lemons & Limes","title":"Organic Lisbon Lemons","producer":"Cliff McFarlin Family Farms","photoPath":"https://goodeggs4.imgix.net/7918a9f8-8c92-4695-aa30-bea6de75a815.jpg?w=380&h=238&fm=jpg&auto=compress&fit=crop","price":"3.49","pricePer":"$3.49 / lb","purchaseUnit":"1 lb"},{"mainCategory":"Produce","categoryName":"Fruits","subCategoryName":"Lemons & Limes","title":"Bulk Organic Lemons","producer":"Fruit World Company","photoPath":"https://goodeggs4.imgix.net/b3fe477f-118c-4b07-a063-924fe6ea47ac.jpg?w=380&h=238&fm=jpg&auto=compress&fit=crop","price":"5.99","pricePer":"$2.99 / lb","purchaseUnit":"2 lb"},{"mainCategory":"Produce","categoryName":"Fruits","subCategoryName":"Lemons & Limes","title":"Organic Meyer Lemons","producer":"From Our Farmers","photoPath":"https://goodeggs4.imgix.net/4a03d633-ff30-4b6c-9ae2-871f91d819b2.jpg?w=380&h=238&fm=jpg&auto=compress&fit=crop","price":"4.99","pricePer":"$4.99 / lb","purchaseUnit":"1 lb"},{"mainCategory":"Produce","categoryName":"Fruits","subCategoryName":"Lemons & Limes","title":"Bulk Organic Meyer Lemons","producer":"From Our Farmers","photoPath":"https://goodeggs4.imgix.net/8973c0e1-dc12-46d2-a5b5-c215ffde4d38.jpg?w=380&h=238&fm=jpg&auto=compress&fit=crop","price":"12.99","pricePer":"$4.33 / lb","purchaseUnit":"3 lb"},{"mainCategory":"Produce","categoryName":"Fruits","subCategoryName":"Lemons & Limes","title":"Organic Lime Trio (Mexico)","producer":"Covilli Organics","photoPath":"https://goodeggs4.imgix.net/e8d54faa-cc66-4282-a6c8-4ff53e6a297f.jpg?w=380&h=238&fm=jpg&auto=compress&fit=crop","price":"1.99","pricePer":"$3.31 / lb","purchaseUnit":"3 count"},{"mainCategory":"Produce","categoryName":"Fruits","subCategoryName":"Lemons & Limes","title":"Bulk Organic Limes (Mexico)","producer":"Covilli Organics","photoPath":"https://goodeggs4.imgix.net/7c2810ed-43d2-4ac8-8fc8-b727396b491d.jpg?w=380&h=238&fm=jpg&auto=compress&fit=crop","price":"5.79","pricePer":"$2.89 / lb","purchaseUnit":"2 lb"},{"mainCategory":"Produce","categoryName":"Fruits","subCategoryName":"Lemons & Limes","title":"Organic Lime (Mexico)","producer":"Covilli Organics","photoPath":"https://goodeggs4.imgix.net/4cbbc9b6-bdeb-4406-85dc-bca282de57b7.jpg?w=380&h=238&fm=jpg&auto=compress&fit=crop","price":"0.69","pricePer":"$3.45 / lb","purchaseUnit":"1 count"},{"mainCategory":"Produce","categoryName":"Fruits","subCategoryName":"Lemons & Limes","title":"Organic Finger Limes","producer":"Deer Creek Heights Ranch ","photoPath":"https://goodeggs4.imgix.net/e84ea2d5-0b5e-4710-9a1a-09c60eed44d0.jpg?w=380&h=238&fm=jpg&auto=compress&fit=crop","price":"6.99","pricePer":"$3.99 / oz","purchaseUnit":"1.75 oz"},{"mainCategory":"Produce","categoryName":"Fruits","subCategoryName":"Melons","title":"Organic & Fair Trade Small Cantaloupe (Mexico)","producer":"From Our Farmers","photoPath":"https://goodeggs4.imgix.net/be71ad99-6aa3-4511-b900-93dc554788c1.jpg?w=380&h=238&fm=jpg&auto=compress&fit=crop","price":"4.49","pricePer":"$1.49 / lb","purchaseUnit":"1 count"},{"mainCategory":"Produce","categoryName":"Fruits","subCategoryName":"Melons","title":"Organic & Fair Trade Large Honeydew Melon (Mexico)","producer":"From Our Farmers","photoPath":"https://goodeggs4.imgix.net/1cc7e47b-4077-43da-8848-bb9528634025.jpg?w=380&h=238&fm=jpg&auto=compress&fit=crop","price":"6.99","pricePer":"$1.39 / lb","purchaseUnit":"1 count"},{"mainCategory":"Produce","categoryName":"Fruits","subCategoryName":"Melons","title":"Organic & Fair Trade Mini Seedless Watermelon (Mexico)","producer":"From Our Farmers","photoPath":"https://goodeggs4.imgix.net/95ec7319-554e-4caa-a901-c86217821882.jpg?w=380&h=238&fm=jpg&auto=compress&fit=crop","price":"4.99","pricePer":"$1.53 / lb","purchaseUnit":"1 count"},{"mainCategory":"Produce","categoryName":"Fruits","subCategoryName":"Melons","title":"Organic & Fair Trade Large Seedless Watermelon (Mexico)","producer":"From Our Farmers","photoPath":"https://goodeggs4.imgix.net/aa6d4c54-0490-479b-a621-756181f0a953.jpg?w=380&h=238&fm=jpg&auto=compress&fit=crop","price":"9.99","pricePer":"$0.99 / lb","purchaseUnit":"1 count"},{"mainCategory":"Produce","categoryName":"Fruits","subCategoryName":"Apples","title":"Bulk Organic Fuji Apples","producer":"From Our Farmers","photoPath":"https://goodeggs4.imgix.net/0fe9667b-52b6-47b9-881e-478d80f737fe.jpg?w=380&h=238&fm=jpg&auto=compress&fit=crop","price":"6.99","pricePer":"$2.33 / lb","purchaseUnit":"3 lb"},{"mainCategory":"Produce","categoryName":"Fruits","subCategoryName":"Apples","title":"Organic Fuji Apple Trio","producer":"From Our Farmers","photoPath":"https://goodeggs4.imgix.net/f56d39cd-5a28-469e-80d9-2772022dc9c5.jpg?w=380&h=238&fm=jpg&auto=compress&fit=crop","price":"2.79","pricePer":"$2.59 / lb","purchaseUnit":"3 count"},{"mainCategory":"Produce","categoryName":"Fruits","subCategoryName":"Apples","title":"Organic Fuji Apple","producer":"From Our Farmers","photoPath":"https://goodeggs4.imgix.net/c25b22c1-4902-45ae-bf72-ed5220315908.jpg?w=380&h=238&fm=jpg&auto=compress&fit=crop","price":"0.99","pricePer":"$2.82 / lb","purchaseUnit":"1 count"},{"mainCategory":"Produce","categoryName":"Fruits","subCategoryName":"Apples","title":"Organic Gala Apple Trio","producer":"From Our Farmers","photoPath":"https://goodeggs4.imgix.net/87ce5457-86c5-4bb5-9d21-6fbf1103c83c.jpg?w=380&h=238&fm=jpg&auto=compress&fit=crop","price":"2.79","pricePer":"$2.65 / lb","purchaseUnit":"3 count"},{"mainCategory":"Produce","categoryName":"Fruits","subCategoryName":"Apples","title":"Bulk Organic Gala Apples","producer":"From Our Farmers","photoPath":"https://goodeggs4.imgix.net/64cea133-f2a2-4f82-9f02-6b455eb82aa7.jpg?w=380&h=238&fm=jpg&auto=compress&fit=crop","price":"6.99","pricePer":"$2.33 / lb","purchaseUnit":"3 lb"},{"mainCategory":"Produce","categoryName":"Fruits","subCategoryName":"Apples","title":"Organic Gala Apple","producer":"From Our Farmers","photoPath":"https://goodeggs4.imgix.net/bacd54be-ff6b-4a76-b80a-aa4d324138bf.jpg?w=380&h=238&fm=jpg&auto=compress&fit=crop","price":"0.99","pricePer":"$2.82 / lb","purchaseUnit":"1 count"},{"mainCategory":"Produce","categoryName":"Fruits","subCategoryName":"Apples","title":"Bulk Organic Granny Smith Apples","producer":"From Our Farmers","photoPath":"https://goodeggs4.imgix.net/258069cf-d801-4d08-bc6a-ac30e5cf17b0.jpg?w=380&h=238&fm=jpg&auto=compress&fit=crop","price":"6.99","pricePer":"$2.33 / lb","purchaseUnit":"3 lb"},{"mainCategory":"Produce","categoryName":"Fruits","subCategoryName":"Apples","title":"Organic Large Granny Smith Apple Trio","producer":"From Our Farmers","photoPath":"https://goodeggs4.imgix.net/b0f18430-f6c0-4315-af43-4eab9a52a925.jpg?w=380&h=238&fm=jpg&auto=compress&fit=crop","price":"3.79","pricePer":"$2.80 / lb","purchaseUnit":"3 count"},{"mainCategory":"Produce","categoryName":"Fruits","subCategoryName":"Apples","title":"Organic Large Granny Smith Apple","producer":"From Our Farmers","photoPath":"https://goodeggs4.imgix.net/02966ea5-855d-4983-913b-d88594712861.jpg?w=380&h=238&fm=jpg&auto=compress&fit=crop","price":"1.09","pricePer":"$2.42 / lb","purchaseUnit":"1 count"},{"mainCategory":"Produce","categoryName":"Fruits","subCategoryName":"Apples","title":"Organic Honeycrisp Apple Trio","producer":"From Our Farmers","photoPath":"https://goodeggs4.imgix.net/8a091454-5a8f-4b74-81e0-0614fa14e91c.jpg?w=380&h=238&fm=jpg&auto=compress&fit=crop","price":"4.29","pricePer":"$4.08 / lb","purchaseUnit":"3 count"},{"mainCategory":"Produce","categoryName":"Fruits","subCategoryName":"Apples","title":"Bulk Organic Honeycrisp Apples","producer":"From Our Farmers","photoPath":"https://goodeggs4.imgix.net/8342409c-be6a-46a9-a652-16d6c9403022.jpg?w=380&h=238&fm=jpg&auto=compress&fit=crop","price":"11.99","pricePer":"$3.99 / lb","purchaseUnit":"3 lb"},{"mainCategory":"Produce","categoryName":"Fruits","subCategoryName":"Apples","title":"Organic Honeycrisp Apple","producer":"From Our Farmers","photoPath":"https://goodeggs4.imgix.net/2c2cf8f5-92b4-4ee7-aa39-5d207ec89f74.jpg?w=380&h=238&fm=jpg&auto=compress&fit=crop","price":"1.49","pricePer":"$4.13 / lb","purchaseUnit":"1 count"},{"mainCategory":"Produce","categoryName":"Fruits","subCategoryName":"Apples","title":"Organic Large Jazz Apple Trio","producer":"From Our Farmers","photoPath":"https://goodeggs4.imgix.net/b74011cd-0ede-4225-af8e-8c5c3f8135e2.jpg?w=380&h=238&fm=jpg&auto=compress&fit=crop","price":"3.49","pricePer":"$2.58 / lb","purchaseUnit":"3 count"},{"mainCategory":"Produce","categoryName":"Fruits","subCategoryName":"Apples","title":"Organic Large Jazz Apple","producer":"From Our Farmers","photoPath":"https://goodeggs4.imgix.net/2e33d9d1-ab74-46ce-b56a-176eb54ba1c6.jpg?w=380&h=238&fm=jpg&auto=compress&fit=crop","price":"1.29","pricePer":"$2.86 / lb","purchaseUnit":"1 count"},{"mainCategory":"Produce","categoryName":"Fruits","subCategoryName":"Apples","title":"Organic Large Pink Lady Apple Trio","producer":"From Our Farmers","photoPath":"https://goodeggs4.imgix.net/d6d1e44d-778a-44d1-ae1b-4a10413c7495.jpg?w=380&h=238&fm=jpg&auto=compress&fit=crop","price":"3.49","pricePer":"$2.58 / lb","purchaseUnit":"3 count"},{"mainCategory":"Produce","categoryName":"Fruits","subCategoryName":"Apples","title":"Organic Large Pink Lady Apple","producer":"From Our Farmers","photoPath":"https://goodeggs4.imgix.net/8b321a56-3e84-4429-945e-b3725cb97f8c.jpg?w=380&h=238&fm=jpg&auto=compress&fit=crop","price":"1.29","pricePer":"$2.86 / lb","purchaseUnit":"1 count"},{"mainCategory":"Produce","categoryName":"Fruits","subCategoryName":"Tropical & Specialty Fruits","title":"Six Organic & Fair Trade Bananas (Ecuador)","producer":"Equal Exchange","photoPath":"https://goodeggs4.imgix.net/a05e1afe-9a19-44cf-8264-510b4ffc8777.jpg?w=380&h=238&fm=jpg&auto=compress&fit=crop","price":"2.49","pricePer":"$0.99 / lb","purchaseUnit":"6 count"},{"mainCategory":"Produce","categoryName":"Fruits","subCategoryName":"Tropical & Specialty Fruits","title":"Organic & Fair Trade Banana (Ecuador)","producer":"Equal Exchange","photoPath":"https://goodeggs4.imgix.net/11bee937-1621-4ca4-a7fc-9450c46fefd9.jpg?w=380&h=238&fm=jpg&auto=compress&fit=crop","price":"0.39","pricePer":"$1.11 / lb","purchaseUnit":"1 count"},{"mainCategory":"Produce","categoryName":"Fruits","subCategoryName":"Tropical & Specialty Fruits","title":"Case of Organic & Fair Trade Bananas (Ecuador)","producer":"Equal Exchange","photoPath":"https://goodeggs4.imgix.net/835a4622-0a6a-4501-b961-6133a5e8b489.jpg?w=380&h=238&fm=jpg&auto=compress&fit=crop","price":"29.99","pricePer":"$0.74 / lb","purchaseUnit":"40 lb"},{"mainCategory":"Produce","categoryName":"Fruits","subCategoryName":"Tropical & Specialty Fruits","title":"Organic Plantain Duo (Mexico)","producer":"Organics Unlimited","photoPath":"https://goodeggs4.imgix.net/92d2efe5-284d-4e97-b59b-9757c384181b.jpg?w=380&h=238&fm=jpg&auto=compress&fit=crop","price":"2.49","pricePer":"$1.55 / lb","purchaseUnit":"2 count"},{"mainCategory":"Produce","categoryName":"Fruits","subCategoryName":"Tropical & Specialty Fruits","title":"Organic Cherimoya","producer":"Las Palmalitas Ranch","photoPath":"https://goodeggs4.imgix.net/e7f1468b-aa42-4429-b1e2-f6ba79b50ec3.jpg?w=380&h=238&fm=jpg&auto=compress&fit=crop","price":"12.99","pricePer":"$12.99 / lb","purchaseUnit":"1 lb"},{"mainCategory":"Produce","categoryName":"Fruits","subCategoryName":"Tropical & Specialty Fruits","title":"Organic Coconut (Mexico)","producer":"Organics Unlimited","photoPath":"https://goodeggs4.imgix.net/433b3cbc-5aee-43e3-bf44-ed9654042547.jpg?w=380&h=238&fm=jpg&auto=compress&fit=crop","price":"3.29","pricePer":"$2.19 / lb","purchaseUnit":"1 count"},{"mainCategory":"Produce","categoryName":"Fruits","subCategoryName":"Tropical & Specialty Fruits","title":"Organic Pitted Deglet Noor Dates","producer":"United With Earth","photoPath":"https://goodeggs4.imgix.net/14da662a-feea-40cd-b64e-4a779b8bc9b1.jpg?w=380&h=238&fm=jpg&auto=compress&fit=crop","price":"7.99","pricePer":"$0.49 / oz","purchaseUnit":"16 oz"},{"mainCategory":"Produce","categoryName":"Fruits","subCategoryName":"Tropical & Specialty Fruits","title":"Organic Medjool Dates","producer":"Rancho Meladuco Date Farm","photoPath":"https://goodeggs4.imgix.net/0ddc5fe1-848b-416e-ae07-a681ff166460.jpg?w=380&h=238&fm=jpg&auto=compress&fit=crop","price":"13.99","pricePer":"$0.87 / oz","purchaseUnit":"1 lb"},{"mainCategory":"Produce","categoryName":"Fruits","subCategoryName":"Tropical & Specialty Fruits","title":"Organic Medjool Dates","producer":"Del Real Dates","photoPath":"https://goodeggs4.imgix.net/9581ceb0-eeb1-4ae2-ab97-07852b43b8fc.jpg?w=380&h=238&fm=jpg&auto=compress&fit=crop","price":"8.49","pricePer":"$0.70 / oz","purchaseUnit":"12 oz"},{"mainCategory":"Produce","categoryName":"Fruits","subCategoryName":"Tropical & Specialty Fruits","title":"Organic Kiwi","producer":"From Our Farmers","photoPath":"https://goodeggs4.imgix.net/a49c17b9-4f6f-4ebc-89e4-2a784dca86b3.jpg?w=380&h=238&fm=jpg&auto=compress&fit=crop","price":"3.99","pricePer":"$3.99 / lb","purchaseUnit":"1 lb"},{"mainCategory":"Produce","categoryName":"Fruits","subCategoryName":"Tropical & Specialty Fruits","title":"Bulk Organic Kiwi","producer":"From Our Farmers","photoPath":"https://goodeggs4.imgix.net/3f2a5d1e-68af-4d36-b976-bcaa26ff342a.jpg?w=380&h=238&fm=jpg&auto=compress&fit=crop","price":"9.99","pricePer":"$3.33 / lb","purchaseUnit":"3 lb"},{"mainCategory":"Produce","categoryName":"Fruits","subCategoryName":"Tropical & Specialty Fruits","title":"Organic Hawaiian Sunrise Papaya","producer":"From Our Farmers","photoPath":"https://goodeggs4.imgix.net/f357f512-1999-4f1c-8d3f-06df44d1555a.jpg?w=380&h=238&fm=jpg&auto=compress&fit=crop","price":"5.99","pricePer":"$4.43 / lb","purchaseUnit":"1 count"},{"mainCategory":"Produce","categoryName":"Fruits","subCategoryName":"Tropical & Specialty Fruits","title":"Organic Oaxacan Gold Pineapple (Mexico)","producer":"Covilli Organics","photoPath":"https://goodeggs4.imgix.net/7d3bb3e1-942a-4117-b465-46fa10066280.jpg?w=380&h=238&fm=jpg&auto=compress&fit=crop","price":"5.79","pricePer":"$1.93 / lb","purchaseUnit":"1 count"},{"mainCategory":"Produce","categoryName":"Fruits","subCategoryName":"Tropical & Specialty Fruits","title":"Organic Ataulfo Mango Trio (Mexico)","producer":"Crespo Organic Mangoes","photoPath":"https://goodeggs4.imgix.net/375d0fe8-21b9-4cd7-be3b-b1cfad1ab465.jpg?w=380&h=238&fm=jpg&auto=compress&fit=crop","price":"6.29","pricePer":"$3.65 / lb","purchaseUnit":"3 count"},{"mainCategory":"Produce","categoryName":"Fruits","subCategoryName":"Tropical & Specialty Fruits","title":"Organic Ataulfo Mango (Mexico)","producer":"Crespo Organic Mangoes","photoPath":"https://goodeggs4.imgix.net/e47d40b9-e352-4c8e-83ed-f2ecc9a08150.jpg?w=380&h=238&fm=jpg&auto=compress&fit=crop","price":"2.19","pricePer":"$3.80 / lb","purchaseUnit":"1 count"},{"mainCategory":"Produce","categoryName":"Fruits","subCategoryName":"Tropical & Specialty Fruits","title":"Organic Kent Mango Trio (Mexico)","producer":"Crespo Organic Mangoes","photoPath":"https://goodeggs4.imgix.net/ed6c833d-6575-437a-a683-f5e20b95a427.jpg?w=380&h=238&fm=jpg&auto=compress&fit=crop","price":"7.29","pricePer":"$2.43 / lb","purchaseUnit":"3 count"},{"mainCategory":"Produce","categoryName":"Fruits","subCategoryName":"Tropical & Specialty Fruits","title":"Organic Kent Mango (Mexico)","producer":"Crespo Organic Mangoes","photoPath":"https://goodeggs4.imgix.net/955182b6-8530-45d7-ba77-d3f961f50062.jpg?w=380&h=238&fm=jpg&auto=compress&fit=crop","price":"2.49","pricePer":"$2.49 / lb","purchaseUnit":"1 count"},{"mainCategory":"Produce","categoryName":"Fruits","subCategoryName":"Tropical & Specialty Fruits","title":"Organic Tommy Atkins Mango Trio (Mexico)","producer":"Crespo Organic Mangoes","photoPath":"https://goodeggs4.imgix.net/ed6c833d-6575-437a-a683-f5e20b95a427.jpg?w=380&h=238&fm=jpg&auto=compress&fit=crop","price":"5.99","pricePer":"$2.32 / lb","purchaseUnit":"3 count"},{"mainCategory":"Produce","categoryName":"Fruits","subCategoryName":"Tropical & Specialty Fruits","title":"Organic Tommy Atkins Mango (Mexico)","producer":"Crespo Organic Mangoes","photoPath":"https://goodeggs4.imgix.net/955182b6-8530-45d7-ba77-d3f961f50062.jpg?w=380&h=238&fm=jpg&auto=compress&fit=crop","price":"2.29","pricePer":"$2.69 / lb","purchaseUnit":"1 count"},{"mainCategory":"Produce","categoryName":"Fruits","subCategoryName":"Tropical & Specialty Fruits","title":"Cut Mango","producer":"Healthy Food Inc. Kitchen","photoPath":"https://goodeggs4.imgix.net/f7cad31b-8850-43cb-9e37-6ec321a8b08b.jpg?w=380&h=238&fm=jpg&auto=compress&fit=crop","price":"9.99","pricePer":"$1.24 / oz","purchaseUnit":"8 oz"},{"mainCategory":"Produce","categoryName":"Fruits","subCategoryName":"Tropical & Specialty Fruits","title":"Tropical Fruit Medley","producer":"Healthy Food Inc. Kitchen","photoPath":"https://goodeggs4.imgix.net/11bd77b9-36f1-4520-8558-fa55a7e1192d.jpg?w=380&h=238&fm=jpg&auto=compress&fit=crop","price":"9.99","pricePer":"$0.62 / oz","purchaseUnit":"16 oz"},{"mainCategory":"Produce","categoryName":"Fruits","subCategoryName":"Tropical & Specialty Fruits","title":"Papaya Cubes","producer":"Healthy Food Inc. Kitchen","photoPath":"https://goodeggs4.imgix.net/dd86aa7d-8433-41b3-b3fe-c2fa5e52eac7.jpg?w=380&h=238&fm=jpg&auto=compress&fit=crop","price":"7.99","pricePer":"$0.99 / oz","purchaseUnit":"8 oz"},{"mainCategory":"Produce","categoryName":"Fruits","subCategoryName":"Tropical & Specialty Fruits","title":"Organic Ataulfo Mangos (Mexico)","producer":"Crespo Organic Mangoes","photoPath":"https://goodeggs4.imgix.net/5bfb4ee1-27b5-4f20-a13b-258eeb983bb3.jpg?w=380&h=238&fm=jpg&auto=compress&fit=crop","price":"9.99","pricePer":"$3.33 / lb","purchaseUnit":"3 lb"},{"mainCategory":"Produce","categoryName":"Fruits","subCategoryName":"Oranges & Mandarins","title":"Organic Seedless Golden Nugget Mandarins","producer":"Cliff McFarlin Family Farms","photoPath":"https://goodeggs4.imgix.net/22df0497-7936-4e87-a3ff-b92795177747.jpg?w=380&h=238&fm=jpg&auto=compress&fit=crop","price":"3.99","pricePer":"$3.99 / lb","purchaseUnit":"1 lb"},{"mainCategory":"Produce","categoryName":"Fruits","subCategoryName":"Oranges & Mandarins","title":"Bulk Organic Seedless Golden Nugget Mandarins","producer":"Cliff McFarlin Family Farms","photoPath":"https://goodeggs4.imgix.net/cbf6a177-be54-462f-a4aa-21ce09853a34.jpg?w=380&h=238&fm=jpg&auto=compress&fit=crop","price":"10.99","pricePer":"$3.66 / lb","purchaseUnit":"3 lb"},{"mainCategory":"Produce","categoryName":"Fruits","subCategoryName":"Oranges & Mandarins","title":"Organic Pixie Tangerines","producer":"From Our Farmers","photoPath":"https://goodeggs4.imgix.net/313efbde-968d-4677-ab02-b408c41ce46a.jpg?w=380&h=238&fm=jpg&auto=compress&fit=crop","price":"3.99","pricePer":"$3.99 / lb","purchaseUnit":"1 lb"},{"mainCategory":"Produce","categoryName":"Fruits","subCategoryName":"Oranges & Mandarins","title":"Bulk Organic Pixie Tangerines","producer":"From Our Farmers","photoPath":"https://goodeggs4.imgix.net/3c6bd444-8aa5-470a-a41d-105495cafe65.jpg?w=380&h=238&fm=jpg&auto=compress&fit=crop","price":"9.99","pricePer":"$3.33 / lb","purchaseUnit":"3 lb"},{"mainCategory":"Produce","categoryName":"Fruits","subCategoryName":"Oranges & Mandarins","title":"Bulk Organic Shasta Gold Mandarins","producer":"Deer Creek Heights Ranch ","photoPath":"https://goodeggs4.imgix.net/c00ced60-fd94-448f-a3c8-3daae13a2ba5.jpg?w=380&h=238&fm=jpg&auto=compress&fit=crop","price":"9.99","pricePer":"$3.33 / lb","purchaseUnit":"3 lb"},{"mainCategory":"Produce","categoryName":"Fruits","subCategoryName":"Oranges & Mandarins","title":"Organic Tango Tangerines","producer":"Cliff McFarlin Family Farms","photoPath":"https://goodeggs4.imgix.net/99e7bc25-5c88-484e-9fbe-d9d2bccae8c5.jpg?w=380&h=238&fm=jpg&auto=compress&fit=crop","price":"3.99","pricePer":"$3.99 / lb","purchaseUnit":"1 lb"},{"mainCategory":"Produce","categoryName":"Fruits","subCategoryName":"Oranges & Mandarins","title":"Bulk Organic Seedless Tango Tangerines","producer":"Cliff McFarlin Family Farms","photoPath":"https://goodeggs4.imgix.net/425823a4-bf74-4120-a7cc-dc8f99f228db.jpg?w=380&h=238&fm=jpg&auto=compress&fit=crop","price":"9.99","pricePer":"$3.33 / lb","purchaseUnit":"3 lb"},{"mainCategory":"Produce","categoryName":"Fruits","subCategoryName":"Oranges & Mandarins","title":"Organic Moro Blood Oranges","producer":"Cliff McFarlin Family Farms","photoPath":"https://goodeggs4.imgix.net/bb1e027c-7002-41f6-abe0-d0c0f17a5774.jpg?w=380&h=238&fm=jpg&auto=compress&fit=crop","price":"4.99","pricePer":"$4.99 / lb","purchaseUnit":"1 lb"},{"mainCategory":"Produce","categoryName":"Fruits","subCategoryName":"Oranges & Mandarins","title":"Bulk Organic Moro Blood Oranges","producer":"Cliff McFarlin Family Farms","photoPath":"https://goodeggs4.imgix.net/7a54aaa1-05fd-418a-a3ff-62d5b5d74486.jpg?w=380&h=238&fm=jpg&auto=compress&fit=crop","price":"13.99","pricePer":"$4.66 / lb","purchaseUnit":"3 lb"},{"mainCategory":"Produce","categoryName":"Fruits","subCategoryName":"Oranges & Mandarins","title":"Organic Large Cara Cara Orange Trio","producer":"Fruit World Company","photoPath":"https://goodeggs4.imgix.net/e44c969f-b731-4174-928a-40e4f35e114d.jpg?w=380&h=238&fm=jpg&auto=compress&fit=crop","price":"4.99","pricePer":"$2.55 / lb","purchaseUnit":"3 count"},{"mainCategory":"Produce","categoryName":"Fruits","subCategoryName":"Oranges & Mandarins","title":"Bulk Organic Cara Cara Oranges","producer":"Cliff McFarlin Family Farms","photoPath":"https://goodeggs4.imgix.net/417937b0-127e-4d35-a95f-a0c8d393ad73.jpg?w=380&h=238&fm=jpg&auto=compress&fit=crop","price":"17.99","pricePer":"$3.59 / lb","purchaseUnit":"5 lb"},{"mainCategory":"Produce","categoryName":"Fruits","subCategoryName":"Oranges & Mandarins","title":"Bulk Organic Navel Oranges","producer":"Fruit World Company","photoPath":"https://goodeggs4.imgix.net/1911b489-c7ea-42b3-b72b-aca147ee59db.jpg?w=380&h=238&fm=jpg&auto=compress&fit=crop","price":"7.99","pricePer":"$1.99 / lb","purchaseUnit":"4 lb"},{"mainCategory":"Produce","categoryName":"Fruits","subCategoryName":"Oranges & Mandarins","title":"Bulk Organic Powell Navel Oranges","producer":"Cliff McFarlin Family Farms","photoPath":"https://goodeggs4.imgix.net/86220276-b5f1-4512-a604-5a9f507b5ce0.jpg?w=380&h=238&fm=jpg&auto=compress&fit=crop","price":"9.99","pricePer":"$1.99 / lb","purchaseUnit":"5 lb"},{"mainCategory":"Produce","categoryName":"Fruits","subCategoryName":"Oranges & Mandarins","title":"Organic Large Navel Orange Trio","producer":"Fruit World Company","photoPath":"https://goodeggs4.imgix.net/7126b86c-5024-4ba3-9366-eb0c1bb9d739.jpg?w=380&h=238&fm=jpg&auto=compress&fit=crop","price":"3.59","pricePer":"$2.39 / lb","purchaseUnit":"3 count"},{"mainCategory":"Produce","categoryName":"Fruits","subCategoryName":"Oranges & Mandarins","title":"Valencia Orange","producer":"Galpin Family Farms","photoPath":"https://goodeggs4.imgix.net/268e50b7-081e-42bd-895b-a06e3043a705.jpg?w=380&h=238&fm=jpg&auto=compress&fit=crop","price":"2.49","pricePer":"$2.49 / lb","purchaseUnit":"1 lb"},{"mainCategory":"Produce","categoryName":"Fruits","subCategoryName":"Oranges & Mandarins","title":"Organic Seedless Minneola Tangelos","producer":"Cliff McFarlin Family Farms","photoPath":"https://goodeggs4.imgix.net/23e08347-f1ce-4746-9d7d-0b83be864b90.jpg?w=380&h=238&fm=jpg&auto=compress&fit=crop","price":"3.99","pricePer":"$3.99 / lb","purchaseUnit":"1 lb"},{"mainCategory":"Produce","categoryName":"Fruits","subCategoryName":"Oranges & Mandarins","title":"Bulk Organic Minneola Tangelos","producer":"Cliff McFarlin Family Farms","photoPath":"https://goodeggs4.imgix.net/fae25c5e-3fa6-4c52-bc2b-915c12d40bd9.jpg?w=380&h=238&fm=jpg&auto=compress&fit=crop","price":"10.99","pricePer":"$3.66 / lb","purchaseUnit":"3 lb"},{"mainCategory":"Produce","categoryName":"Fruits","subCategoryName":"Oranges & Mandarins","title":"Mixed Citrus Medley","producer":"Healthy Food Inc. Kitchen","photoPath":"https://goodeggs4.imgix.net/b6c6a400-8d9f-11eb-a74a-432eca49252a?w=380&h=238&fm=jpg&auto=compress&fit=crop","price":"7.99","pricePer":"$0.66 / oz","purchaseUnit":"12 oz"},{"mainCategory":"Produce","categoryName":"Fruits","subCategoryName":"Grapefruit & Pomelos","title":"Organic Ruby Red Grapefruit Duo","producer":"Terra Firma Farm","photoPath":"https://goodeggs4.imgix.net/b87883f0-786a-4890-a66b-8e02c39b88c3.jpg?w=380&h=238&fm=jpg&auto=compress&fit=crop","price":"4.49","pricePer":"$2.49 / lb","purchaseUnit":"2 count"},{"mainCategory":"Produce","categoryName":"Fruits","subCategoryName":"Grapefruit & Pomelos","title":"Organic Ruby Red Grapefruit","producer":"Terra Firma Farm","photoPath":"https://goodeggs4.imgix.net/b27d75d1-6100-4698-a65d-fe5b4595a293.jpg?w=380&h=238&fm=jpg&auto=compress&fit=crop","price":"2.29","pricePer":"$2.54 / lb","purchaseUnit":"1 count"},{"mainCategory":"Produce","categoryName":"Fruits","subCategoryName":"Grapefruit & Pomelos","title":"Organic Oro Blanco Grapefruit","producer":"Cliff McFarlin Family Farms","photoPath":"https://goodeggs4.imgix.net/e372f1e4-8fb6-4a0c-9761-6c0325d97389.jpg?w=380&h=238&fm=jpg&auto=compress&fit=crop","price":"2.99","pricePer":"$2.49 / lb","purchaseUnit":"1 count"},{"mainCategory":"Produce","categoryName":"Fruits","subCategoryName":"Grapefruit & Pomelos","title":"Mixed Citrus Medley","producer":"Healthy Food Inc. Kitchen","photoPath":"https://goodeggs4.imgix.net/b6c6a400-8d9f-11eb-a74a-432eca49252a?w=380&h=238&fm=jpg&auto=compress&fit=crop","price":"7.99","pricePer":"$0.66 / oz","purchaseUnit":"12 oz"},{"mainCategory":"Produce","categoryName":"Fruits","subCategoryName":"Stone Fruit","title":"Organic Apache Apricot","producer":"Cliff McFarlin Family Farms","photoPath":"https://goodeggs4.imgix.net/37032126-3913-4339-a51f-0a5c4131a4ca.jpg?w=380&h=238&fm=jpg&auto=compress&fit=crop","price":"4.99","pricePer":"$4.99 / lb","purchaseUnit":"1 lb"},{"mainCategory":"Produce","categoryName":"Fruits","subCategoryName":"Stone Fruit","title":"Organic Honey Rich Apriums","producer":"Blossom Bluff Orchards","photoPath":"https://goodeggs4.imgix.net/e42d6e0c-d268-45b9-8eae-601960752bbf.jpg?w=380&h=238&fm=jpg&auto=compress&fit=crop","price":"4.99","pricePer":"$4.99 / lb","purchaseUnit":"1 lb"},{"mainCategory":"Produce","categoryName":"Fruits","subCategoryName":"Stone Fruit","title":"Organic Honey Rich Aprium","producer":"Frog Hollow Farm","photoPath":"https://goodeggs4.imgix.net/af705797-1cb1-4ef3-98e1-b06bbf533cf2.jpg?w=380&h=238&fm=jpg&auto=compress&fit=crop","price":"4.99","pricePer":"$4.99 / lb","purchaseUnit":"1 lb"},{"mainCategory":"Produce","categoryName":"Fruits","subCategoryName":"Stone Fruit","title":"Organic Coral Champagne Cherries","producer":"Fruit World Company","photoPath":"https://goodeggs4.imgix.net/46920e16-bc0c-40ee-ad8c-9b803f52d73d.jpg?w=380&h=238&fm=jpg&auto=compress&fit=crop","price":"9.99","pricePer":"$9.99 / lb","purchaseUnit":"1 lb"},{"mainCategory":"Produce","categoryName":"Fruits","subCategoryName":"Stone Fruit","title":"Organic Zee Fire Yellow Nectarines","producer":"Cliff McFarlin Family Farms","photoPath":"https://goodeggs4.imgix.net/d2174717-3dce-4052-876d-22f3085a31f5.jpg?w=380&h=238&fm=jpg&auto=compress&fit=crop","price":"4.99","pricePer":"$4.99 / lb","purchaseUnit":"1 lb"},{"mainCategory":"Produce","categoryName":"Fruits","subCategoryName":"Stone Fruit","title":"Small Rich Snow White Peach Trio","producer":"Galpin Family Farms","photoPath":"https://goodeggs4.imgix.net/b3b86dff-98fa-460a-b2e0-9aeadcbce743.jpg?w=380&h=238&fm=jpg&auto=compress&fit=crop","price":"3.29","pricePer":"$4.70 / lb","purchaseUnit":"3 count"},{"mainCategory":"Produce","categoryName":"Fruits","subCategoryName":"Stone Fruit","title":"Small Rich May Yellow Peach Trio","producer":"Galpin Family Farms","photoPath":"https://goodeggs4.imgix.net/c0baa3d6-4881-4d5d-ad7b-a1eb3018ba50.jpg?w=380&h=238&fm=jpg&auto=compress&fit=crop","price":"4.29","pricePer":"$4.99 / lb","purchaseUnit":"3 count"},{"mainCategory":"Produce","categoryName":"Fruits","subCategoryName":"Stone Fruit","title":"Organic Japanese Ume Pickling Plums","producer":"Fruit World Company","photoPath":"https://goodeggs4.imgix.net/961c6b24-2d34-45d4-8631-a5eec61f14a8.jpg?w=380&h=238&fm=jpg&auto=compress&fit=crop","price":"14.99","pricePer":"$7.49 / lb","purchaseUnit":"2 lb"},{"mainCategory":"Produce","categoryName":"Fruits","subCategoryName":"Stone Fruit","title":"Bulk Organic Japanese Ume Pickling Plums","producer":"Fruit World Company","photoPath":"https://goodeggs4.imgix.net/20a318ef-098a-46cc-a0c0-58195972e465.jpg?w=380&h=238&fm=jpg&auto=compress&fit=crop","price":"29.99","pricePer":"$5.99 / lb","purchaseUnit":"5 lb"},{"mainCategory":"Produce","categoryName":"Fruits","subCategoryName":"Pears","title":"Organic & Fair Trade Autumn Bartlett Pear (Argentina)","producer":"Awe Sum Organics","photoPath":"https://goodeggs4.imgix.net/f0acc6b1-3c80-4dcf-ab3b-830eb7337c23.jpg?w=380&h=238&fm=jpg&auto=compress&fit=crop","price":"1.29","pricePer":"$2.86 / lb","purchaseUnit":"1 count"},{"mainCategory":"Produce","categoryName":"Fruits","subCategoryName":"Pears","title":"Organic & Fair Trade Autumn Bartlett Pear Trio (Argentina)","producer":"Awe Sum Organics","photoPath":"https://goodeggs4.imgix.net/5298ca24-07a3-490c-99cc-689e8dd2d3f9.jpg?w=380&h=238&fm=jpg&auto=compress&fit=crop","price":"2.99","pricePer":"$2.21 / lb","purchaseUnit":"3 count"},{"mainCategory":"Produce","categoryName":"Fruits","subCategoryName":"Pears","title":"Organic & Fair Trade Bosc Pear Trio (Argentina)","producer":"From Our Farmers","photoPath":"https://goodeggs4.imgix.net/9ca4f7f5-7d43-11eb-a74a-432eca49252a?w=380&h=238&fm=jpg&auto=compress&fit=crop","price":"3.29","pricePer":"$2.43 / lb","purchaseUnit":"3 count"},{"mainCategory":"Produce","categoryName":"Fruits","subCategoryName":"Pears","title":"Organic & Fair Trade Bosc Pear (Argentina)","producer":"From Our Farmers","photoPath":"https://goodeggs4.imgix.net/485326de-9ef3-4acb-b9ae-02c0001e3546.jpg?w=380&h=238&fm=jpg&auto=compress&fit=crop","price":"1.29","pricePer":"$2.86 / lb","purchaseUnit":"1 count"},{"mainCategory":"Produce","categoryName":"Fruits","subCategoryName":"Pears","title":"Organic & Fair Trade D'Anjou Pear Trio (Argentina)","producer":"Awe Sum Organics","photoPath":"https://goodeggs4.imgix.net/d320682a-edc4-4b58-ad04-8158d8f8842d.jpg?w=380&h=238&fm=jpg&auto=compress&fit=crop","price":"2.99","pricePer":"$2.21 / lb","purchaseUnit":"3 count"},{"mainCategory":"Produce","categoryName":"Fruits","subCategoryName":"Pears","title":"Organic & Fair Trade D'anjou Pear (Argentina)","producer":"Awe Sum Organics","photoPath":"https://goodeggs4.imgix.net/9ca4f7fa-7d43-11eb-a74a-432eca49252a?w=380&h=238&fm=jpg&auto=compress&fit=crop","price":"1.29","pricePer":"$2.86 / lb","purchaseUnit":"1 count"},{"mainCategory":"Produce","categoryName":"Fruits","subCategoryName":"Pears","title":"Organic Red D'Anjou Pear Trio (Argentina)","producer":"From Our Farmers","photoPath":"https://goodeggs4.imgix.net/bc38c338-7c41-441e-92ae-19ed7c73a4f5.jpg?w=380&h=238&fm=jpg&auto=compress&fit=crop","price":"2.99","pricePer":"$2.26 / lb","purchaseUnit":"3 count"},{"mainCategory":"Produce","categoryName":"Fruits","subCategoryName":"Pears","title":"Organic Red D'Anjou Pear (Argentina)","producer":"From Our Farmers","photoPath":"https://goodeggs4.imgix.net/9e6461db-fc07-48ad-926c-5bbe093dcae5.jpg?w=380&h=238&fm=jpg&auto=compress&fit=crop","price":"1.29","pricePer":"$2.93 / lb","purchaseUnit":"1 count"},{"mainCategory":"Produce","categoryName":"Fruits","subCategoryName":"Pears","title":"Organic Large Red D'anjou Pear (Argentina)","producer":"From Our Farmers","photoPath":"https://goodeggs4.imgix.net/e6b65aa6-3f14-4bf0-ba30-aa4cb3a5d31d.jpg?w=380&h=238&fm=jpg&auto=compress&fit=crop","price":"1.29","pricePer":"$2.58 / lb","purchaseUnit":"1 count"},{"mainCategory":"Produce","categoryName":"Fruits","subCategoryName":"Pears","title":"Organic Abate Fetel Pear Trio (Argentina)","producer":"From Our Farmers","photoPath":"https://goodeggs4.imgix.net/c88b3402-2238-4d16-be8e-e6d35027eb04.jpg?w=380&h=238&fm=jpg&auto=compress&fit=crop","price":"3.49","pricePer":"$2.58 / lb","purchaseUnit":"3 count"},{"mainCategory":"Produce","categoryName":"Fruits","subCategoryName":"Pears","title":"Organic Abate Fetel Pear (Argentina)","producer":"From Our Farmers","photoPath":"https://goodeggs4.imgix.net/ec9f8fcc-f410-4aef-9a58-9200879abbb9.jpg?w=380&h=238&fm=jpg&auto=compress&fit=crop","price":"1.29","pricePer":"$2.86 / lb","purchaseUnit":"1 count"},{"mainCategory":"Produce","categoryName":"Avocados","subCategoryName":"","title":"Organic Reed Avocado","producer":"Rancho Vasquez","photoPath":"https://goodeggs4.imgix.net/05d6757f-9490-4ce6-bfb8-d3f4097365d9.jpg?w=380&h=238&fm=jpg&auto=compress&fit=crop","price":"4.29","pricePer":"$3.81 / lb","purchaseUnit":"1 count"},{"mainCategory":"Produce","categoryName":"Avocados","subCategoryName":"","title":"Small Hass Avocado Trio","producer":"Stepladder Ranch","photoPath":"https://goodeggs4.imgix.net/606943c9-6d9d-4893-92d1-64a0ab8fbd66.jpg?w=380&h=238&fm=jpg&auto=compress&fit=crop","price":"6.19","pricePer":"$4.85 / lb","purchaseUnit":"3 count"},{"mainCategory":"Produce","categoryName":"Avocados","subCategoryName":"","title":"Small Hass Avocado","producer":"Stepladder Ranch","photoPath":"https://goodeggs4.imgix.net/fbee3254-3f7b-4310-aa28-87d897e60ab4.jpg?w=380&h=238&fm=jpg&auto=compress&fit=crop","price":"2.09","pricePer":"$4.91 / lb","purchaseUnit":"1 count"},{"mainCategory":"Produce","categoryName":"Avocados","subCategoryName":"","title":"Mini Hass Avocados","producer":"Stepladder Ranch","photoPath":"https://goodeggs4.imgix.net/d1edc494-88b0-488e-a412-eadb8e191d0e.jpg?w=380&h=238&fm=jpg&auto=compress&fit=crop","price":"8.49","pricePer":"$4.85 / lb","purchaseUnit":"5 count"},{"mainCategory":"Produce","categoryName":"Avocados","subCategoryName":"","title":"Bag of Mini Hass Avocados","producer":"Stepladder Ranch","photoPath":"https://goodeggs4.imgix.net/334919d8-06c3-45f5-88cd-e304caeec7d2.jpg?w=380&h=238&fm=jpg&auto=compress&fit=crop","price":"6.49","pricePer":"$3.70 / lb","purchaseUnit":"1.5 lb"},{"mainCategory":"Produce","categoryName":"Avocados","subCategoryName":"","title":"Ten Mini Hass Avocados","producer":"Stepladder Ranch","photoPath":"https://goodeggs4.imgix.net/8fc17158-2d5a-4924-8c3f-0ec198e4b1cf.jpg?w=380&h=238&fm=jpg&auto=compress&fit=crop","price":"16.99","pricePer":"$4.78 / lb","purchaseUnit":"10 count"},{"mainCategory":"Produce","categoryName":"Avocados","subCategoryName":"","title":"Organic Small Hass Avocado Trio","producer":"Rancho Vasquez","photoPath":"https://goodeggs4.imgix.net/1830d03b-f14d-4c1a-ae2a-a2b6ed6b1b83.jpg?w=380&h=238&fm=jpg&auto=compress&fit=crop","price":"5.99","pricePer":"$4.75 / lb","purchaseUnit":"3 count"},{"mainCategory":"Produce","categoryName":"Avocados","subCategoryName":"","title":"Organic Small Hass Avocado","producer":"Rancho Vasquez","photoPath":"https://goodeggs4.imgix.net/06822417-beed-4116-a0ec-8f80a76ea1bf.jpg?w=380&h=238&fm=jpg&auto=compress&fit=crop","price":"2.09","pricePer":"$4.91 / lb","purchaseUnit":"1 count"},{"mainCategory":"Produce","categoryName":"Avocados","subCategoryName":"","title":"Ten Organic Small Hass Avocados","producer":"Rancho Vasquez","photoPath":"https://goodeggs4.imgix.net/e67f59c8-51ba-446c-ab21-1b29cf1fb65c.jpg?w=380&h=238&fm=jpg&auto=compress&fit=crop","price":"18.99","pricePer":"$4.52 / lb","purchaseUnit":"10 count"},{"mainCategory":"Produce","categoryName":"Avocados","subCategoryName":"","title":"Bag of Organic Mini Hass Avocados","producer":"Rancho Vasquez","photoPath":"https://goodeggs4.imgix.net/b329b087-4722-4d2d-913b-dcef4d9582f5.jpg?w=380&h=238&fm=jpg&auto=compress&fit=crop","price":"7.49","pricePer":"$4.99 / lb","purchaseUnit":"1 count"},{"mainCategory":"Produce","categoryName":"Vegetables","subCategoryName":"Cucumbers","title":"Organic & Fair Trade English Cucumber (Mexico)","producer":"Divine Flavor","photoPath":"https://goodeggs4.imgix.net/2af348b0-a48a-47e2-ab19-46482f7191ba.jpg?w=380&h=238&fm=jpg&auto=compress&fit=crop","price":"2.99","pricePer":"$3.51 / lb","purchaseUnit":"1 count"},{"mainCategory":"Produce","categoryName":"Vegetables","subCategoryName":"Cucumbers","title":"Organic & Fair Trade Persian Cucumbers (Mexico)","producer":"Divine Flavor","photoPath":"https://goodeggs4.imgix.net/07e039bb-ce88-4e00-9e5b-eb74b40cfa7f.jpg?w=380&h=238&fm=jpg&auto=compress&fit=crop","price":"5.99","pricePer":"$5.99 / lb","purchaseUnit":"1 lb"},{"mainCategory":"Produce","categoryName":"Vegetables","subCategoryName":"Cucumbers","title":"Organic & Fair Trade Cucumber Trio (Mexico)","producer":"Divine Flavor","photoPath":"https://goodeggs4.imgix.net/b0a0cca4-89f3-4e5e-9132-5d5818e3354e.jpg?w=380&h=238&fm=jpg&auto=compress&fit=crop","price":"2.99","pricePer":"$1.59 / lb","purchaseUnit":"3 count"},{"mainCategory":"Produce","categoryName":"Vegetables","subCategoryName":"Cucumbers","title":"Organic Slicer Cucumber","producer":"From Our Farmers","photoPath":"https://goodeggs4.imgix.net/4db6c212-6ff9-434b-8c32-3d2969b97d8c.jpg?w=380&h=238&fm=jpg&auto=compress&fit=crop","price":"1.79","pricePer":"$2.23 / lb","purchaseUnit":"1 count"},{"mainCategory":"Produce","categoryName":"Vegetables","subCategoryName":"Cucumbers","title":"Cucumber & Carrot Spears","producer":"Healthy Food Inc. Kitchen","photoPath":"https://goodeggs4.imgix.net/59b3d2c0-92f8-419f-b0e9-baedc84d4304.jpg?w=380&h=238&fm=jpg&auto=compress&fit=crop","price":"4.99","pricePer":"$0.49 / oz","purchaseUnit":"10 oz"},{"mainCategory":"Produce","categoryName":"Vegetables","subCategoryName":"Tomatoes","title":"Organic Tomatillos","producer":"From Our Farmers","photoPath":"https://goodeggs4.imgix.net/62747b1c-448c-4aab-a36d-5944ae1de5bb.jpg?w=380&h=238&fm=jpg&auto=compress&fit=crop","price":"5.99","pricePer":"$5.99 / lb","purchaseUnit":"1 lb"},{"mainCategory":"Produce","categoryName":"Vegetables","subCategoryName":"Tomatoes","title":"Organic & Fair Trade Heirloom Cherry Tomatoes (Mexico)","producer":"Del Cabo Cooperative","photoPath":"https://goodeggs4.imgix.net/9ccae270-3a72-4240-8afc-d52c4697d396.jpg?w=380&h=238&fm=jpg&auto=compress&fit=crop","price":"4.99","pricePer":"$6.65 / lb","purchaseUnit":"1 pint"},{"mainCategory":"Produce","categoryName":"Vegetables","subCategoryName":"Tomatoes","title":"Organic & Fair Trade Kaleidos Mixed Tomato Medley (Mexico)","producer":"Wholesum Harvest","photoPath":"https://goodeggs4.imgix.net/4a699a20-1259-4db6-8617-d586103a3fbf.jpg?w=380&h=238&fm=jpg&auto=compress&fit=crop","price":"4.99","pricePer":"$6.65 / lb","purchaseUnit":"1 pint"},{"mainCategory":"Produce","categoryName":"Vegetables","subCategoryName":"Tomatoes","title":"Organic & Fair Trade On-the-Vine Valentino Tomatoes (Mexico)","producer":"Wholesum Harvest","photoPath":"https://goodeggs4.imgix.net/73569770-c40e-4631-b198-c9dbaac7bf0a.jpg?w=380&h=238&fm=jpg&auto=compress&fit=crop","price":"5.99","pricePer":"$0.43 / oz","purchaseUnit":"14 oz"},{"mainCategory":"Produce","categoryName":"Vegetables","subCategoryName":"Tomatoes","title":"Organic & Fair Trade On-the-Vine Valentino Tomato Trio (Mexico)","producer":"Wholesum Harvest","photoPath":"https://goodeggs4.imgix.net/a933c583-d315-4c2b-aad6-54e98a1d1130.jpg?w=380&h=238&fm=jpg&auto=compress&fit=crop","price":"14.99","pricePer":"$0.36 / oz","purchaseUnit":"42 oz"},{"mainCategory":"Produce","categoryName":"Vegetables","subCategoryName":"Tomatoes","title":"Organic & Fair Trade Sugar Plum Grape Tomatoes (Mexico)","producer":"Del Cabo Cooperative","photoPath":"https://goodeggs4.imgix.net/8efcf043-ecb0-4389-9694-8c6b54cefbf9.jpg?w=380&h=238&fm=jpg&auto=compress&fit=crop","price":"3.99","pricePer":"$5.32 / lb","purchaseUnit":"1 pint"},{"mainCategory":"Produce","categoryName":"Vegetables","subCategoryName":"Tomatoes","title":"Organic & Fair Trade Red Grape Cherry Tomatoes (Mexico)","producer":"Divine Flavor","photoPath":"https://goodeggs4.imgix.net/067ace26-6c23-476d-a9dd-fe1db1451eb3.jpg?w=380&h=238&fm=jpg&auto=compress&fit=crop","price":"3.99","pricePer":"$5.32 / lb","purchaseUnit":"1 pint"},{"mainCategory":"Produce","categoryName":"Vegetables","subCategoryName":"Tomatoes","title":"Organic & Fair Trade Sugar Plum Grape Tomato 3-Pack (Mexico)","producer":"Del Cabo Cooperative","photoPath":"https://goodeggs4.imgix.net/942cd14d-88c2-44a4-aa34-3bc5b51ba353.jpg?w=380&h=238&fm=jpg&auto=compress&fit=crop","price":"9.99","pricePer":"$4.54 / lb","purchaseUnit":"3 pint"},{"mainCategory":"Produce","categoryName":"Vegetables","subCategoryName":"Tomatoes","title":"Case of Organic & Fair Trade Sugar Plum Tomatoes (Mexico)","producer":"Del Cabo Cooperative","photoPath":"https://goodeggs4.imgix.net/cc7b426f-7d8f-412f-adf1-bf2145d8af76.jpg?w=380&h=238&fm=jpg&auto=compress&fit=crop","price":"34.99","pricePer":"$3.88 / lb","purchaseUnit":"12 pint"},{"mainCategory":"Produce","categoryName":"Vegetables","subCategoryName":"Tomatoes","title":"Organic On-The-Vine Tomatoes","producer":"Wholesum Harvest","photoPath":"https://goodeggs4.imgix.net/01c06256-f6df-4330-84a2-1407ef59cd2e.jpg?w=380&h=238&fm=jpg&auto=compress&fit=crop","price":"3.99","pricePer":"$3.99 / lb","purchaseUnit":"1 lb"},{"mainCategory":"Produce","categoryName":"Vegetables","subCategoryName":"Tomatoes","title":"Organic & Fair Trade Roma Tomatoes (Mexico)","producer":"Wholesum Harvest","photoPath":"https://goodeggs4.imgix.net/ba517ff6-d450-4086-96fb-4703d8c8967e.jpg?w=380&h=238&fm=jpg&auto=compress&fit=crop","price":"2.49","pricePer":"$2.49 / lb","purchaseUnit":"1 lb"},{"mainCategory":"Produce","categoryName":"Vegetables","subCategoryName":"Tomatoes","title":"Organic Slicer Tomato Duo","producer":"Wilgenburg Greenhouses","photoPath":"https://goodeggs4.imgix.net/76877390-7c96-4d78-bbd9-3e70cf4ea1da.jpg?w=380&h=238&fm=jpg&auto=compress&fit=crop","price":"2.99","pricePer":"$2.99 / lb","purchaseUnit":"2 count"},{"mainCategory":"Produce","categoryName":"Vegetables","subCategoryName":"Tomatoes","title":"Organic Slicer Tomato","producer":"Wilgenburg Greenhouses","photoPath":"https://goodeggs4.imgix.net/2511f3b5-7d17-48af-b089-23d79ab67467.jpg?w=380&h=238&fm=jpg&auto=compress&fit=crop","price":"1.79","pricePer":"$3.58 / lb","purchaseUnit":"1 count"},{"mainCategory":"Produce","categoryName":"Vegetables","subCategoryName":"Tomatoes","title":"Organic Mixed Heirloom Tomatoes","producer":"Wilgenburg Greenhouses","photoPath":"https://goodeggs4.imgix.net/a96130d5-85d1-4e77-8ee0-feb40ac15805.jpg?w=380&h=238&fm=jpg&auto=compress&fit=crop","price":"5.99","pricePer":"$5.99 / lb","purchaseUnit":"1 lb"},{"mainCategory":"Produce","categoryName":"Vegetables","subCategoryName":"Tomatoes","title":"Bulk Organic Mixed Heirloom Tomatoes","producer":"Wilgenburg Greenhouses","photoPath":"https://goodeggs4.imgix.net/458263b6-6561-434f-a8be-999091b4c38e.jpg?w=380&h=238&fm=jpg&auto=compress&fit=crop","price":"14.99","pricePer":"$4.99 / lb","purchaseUnit":"3 lb"},{"mainCategory":"Produce","categoryName":"Vegetables","subCategoryName":"Corn & Eggplant","title":"Organic Bi-Color Sweet Corn Duo","producer":"Cal-Organic Farms","photoPath":"https://goodeggs4.imgix.net/3c991666-3af3-40b4-991f-38181d2883f9.jpg?w=380&h=238&fm=jpg&auto=compress&fit=crop","price":"3.99","pricePer":"$2.66 / lb","purchaseUnit":"2 count"},{"mainCategory":"Produce","categoryName":"Vegetables","subCategoryName":"Corn & Eggplant","title":"Bulk Organic Bi-Color Sweet Corn","producer":"Cal-Organic Farms","photoPath":"https://goodeggs4.imgix.net/7e771797-427e-4456-814c-9712fe60fab7.jpg?w=380&h=238&fm=jpg&auto=compress&fit=crop","price":"15.99","pricePer":"$2.13 / lb","purchaseUnit":"10 count"},{"mainCategory":"Produce","categoryName":"Vegetables","subCategoryName":"Corn & Eggplant","title":"Organic & Fair Trade Globe Eggplant (Mexico)","producer":"Wholesum Harvest","photoPath":"https://goodeggs4.imgix.net/7b960821-3f9a-4514-bcc2-d46eb852fc9f.jpg?w=380&h=238&fm=jpg&auto=compress&fit=crop","price":"1.99","pricePer":"$1.99 / lb","purchaseUnit":"1 count"},{"mainCategory":"Produce","categoryName":"Vegetables","subCategoryName":"Corn & Eggplant","title":"Cleaned and Trimmed Corn","producer":"Healthy Food Inc. Kitchen","photoPath":"https://goodeggs4.imgix.net/5627bb35-57f0-463e-b46b-cbdc8dfae5ea.jpg?w=380&h=238&fm=jpg&auto=compress&fit=crop","price":"9.99","pricePer":"$4.99 / lb","purchaseUnit":"3 count"},{"mainCategory":"Produce","categoryName":"Vegetables","subCategoryName":"Peppers","title":"Organic Large Green Bell Pepper","producer":"From Our Farmers","photoPath":"https://goodeggs4.imgix.net/55b80137-2cca-40b1-9527-9438655331d3.jpg?w=380&h=238&fm=jpg&auto=compress&fit=crop","price":"2.79","pricePer":"$4.65 / lb","purchaseUnit":"1 count"},{"mainCategory":"Produce","categoryName":"Vegetables","subCategoryName":"Peppers","title":"Organic & Fair Trade Large Orange Bell Pepper Duo (Mexico)","producer":"Divine Flavor","photoPath":"https://goodeggs4.imgix.net/12ff0e83-a173-45be-9b4a-ee734ca4b529.jpg?w=380&h=238&fm=jpg&auto=compress&fit=crop","price":"3.99","pricePer":"$3.62 / lb","purchaseUnit":"2 count"},{"mainCategory":"Produce","categoryName":"Vegetables","subCategoryName":"Peppers","title":"Organic & Fair Trade Large Orange Bell Pepper (Mexico)","producer":"Divine Flavor","photoPath":"https://goodeggs4.imgix.net/8957e073-a8d0-4e85-830f-12aa4885f58d.jpg?w=380&h=238&fm=jpg&auto=compress&fit=crop","price":"2.49","pricePer":"$4.52 / lb","purchaseUnit":"1 count"},{"mainCategory":"Produce","categoryName":"Vegetables","subCategoryName":"Peppers","title":"Organic & Fair Trade Large Red Bell Pepper Duo (Mexico)","producer":"Divine Flavor","photoPath":"https://goodeggs4.imgix.net/0487e8b7-dbd7-42ca-864d-b93b969aa4b5.jpg?w=380&h=238&fm=jpg&auto=compress&fit=crop","price":"3.99","pricePer":"$3.62 / lb","purchaseUnit":"2 count"},{"mainCategory":"Produce","categoryName":"Vegetables","subCategoryName":"Peppers","title":"Organic Large Red Bell Pepper","producer":"From Our Farmers","photoPath":"https://goodeggs4.imgix.net/0dcca791-e35e-466a-8cd3-3a369d693025.jpg?w=380&h=238&fm=jpg&auto=compress&fit=crop","price":"2.49","pricePer":"$4.15 / lb","purchaseUnit":"1 count"},{"mainCategory":"Produce","categoryName":"Vegetables","subCategoryName":"Peppers","title":"Organic & Fair Trade Red Bell Peppers (Mexico)","producer":"Divine Flavor","photoPath":"https://goodeggs4.imgix.net/2b7a951e-9f1b-414f-931e-1b6ae9abcb30.jpg?w=380&h=238&fm=jpg&auto=compress&fit=crop","price":"3.79","pricePer":"$3.79 / lb","purchaseUnit":"1 lb"},{"mainCategory":"Produce","categoryName":"Vegetables","subCategoryName":"Peppers","title":"Organic & Fair Trade Large Yellow Bell Pepper Duo (Mexico)","producer":"Divine Flavor","photoPath":"https://goodeggs4.imgix.net/7d35daef-c9c6-4d62-8dde-56a26a1408fd.jpg?w=380&h=238&fm=jpg&auto=compress&fit=crop","price":"3.99","pricePer":"$3.62 / lb","purchaseUnit":"2 count"},{"mainCategory":"Produce","categoryName":"Vegetables","subCategoryName":"Peppers","title":"Organic & Fair Trade Large Yellow Bell Pepper (Mexico)","producer":"Divine Flavor","photoPath":"https://goodeggs4.imgix.net/617df1c2-e1b0-45b5-912d-694db40637d0.jpg?w=380&h=238&fm=jpg&auto=compress&fit=crop","price":"2.49","pricePer":"$4.52 / lb","purchaseUnit":"1 count"},{"mainCategory":"Produce","categoryName":"Vegetables","subCategoryName":"Peppers","title":"Organic Jalapeño Pepper (Mexico)","producer":"From Our Farmers","photoPath":"https://goodeggs4.imgix.net/d92783c0-1dd8-43ef-b5ed-f70d8ded9e2f.jpg?w=380&h=238&fm=jpg&auto=compress&fit=crop","price":"0.49","pricePer":"$0.49 / oz","purchaseUnit":"1 count"},{"mainCategory":"Produce","categoryName":"Vegetables","subCategoryName":"Peppers","title":"Organic & Fair Trade Mixed Mini Pepper Medley (Mexico)","producer":"Divine Flavor","photoPath":"https://goodeggs4.imgix.net/e2502e12-f2e3-4dd7-8ac8-119a655a7c27.jpg?w=380&h=238&fm=jpg&auto=compress&fit=crop","price":"4.99","pricePer":"$4.99 / lb","purchaseUnit":"1 lb"},{"mainCategory":"Produce","categoryName":"Vegetables","subCategoryName":"Peppers","title":"Sliced Jalapeños","producer":"Healthy Food Inc. Kitchen","photoPath":"https://goodeggs4.imgix.net/9ce5d54c-850d-45e6-84c5-537635968201.jpg?w=380&h=238&fm=jpg&auto=compress&fit=crop","price":"2.99","pricePer":"$1.49 / oz","purchaseUnit":"2 oz"},{"mainCategory":"Produce","categoryName":"Vegetables","subCategoryName":"Peas & Beans","title":"Organic Fava Beans","producer":"Happy Boy Farms","photoPath":"https://goodeggs4.imgix.net/1ed047f0-b747-4b12-8e35-a26432386e6a.jpg?w=380&h=238&fm=jpg&auto=compress&fit=crop","price":"3.99","pricePer":"$3.99 / lb","purchaseUnit":"1 lb"},{"mainCategory":"Produce","categoryName":"Vegetables","subCategoryName":"Peas & Beans","title":"Bulk Organic Fava Beans","producer":"Happy Boy Farms","photoPath":"https://goodeggs4.imgix.net/2aaa9e16-30fe-4d47-91e5-d114ed09b7e9.jpg?w=380&h=238&fm=jpg&auto=compress&fit=crop","price":"9.99","pricePer":"$3.33 / lb","purchaseUnit":"3 lb"},{"mainCategory":"Produce","categoryName":"Vegetables","subCategoryName":"Peas & Beans","title":"Organic Green Beans (Mexico)","producer":"From Our Farmers","photoPath":"https://goodeggs4.imgix.net/2e8a49b3-93c4-4b5e-925f-69c181f4ce2e.jpg?w=380&h=238&fm=jpg&auto=compress&fit=crop","price":"3.99","pricePer":"$3.99 / lb","purchaseUnit":"1 lb"},{"mainCategory":"Produce","categoryName":"Vegetables","subCategoryName":"Peas & Beans","title":"Organic English Peas","producer":"Tutti Frutti Farm","photoPath":"https://goodeggs4.imgix.net/04616b32-257e-4278-be24-09be5d8370a8.jpg?w=380&h=238&fm=jpg&auto=compress&fit=crop","price":"3.99","pricePer":"$3.99 / lb","purchaseUnit":"1 lb"},{"mainCategory":"Produce","categoryName":"Vegetables","subCategoryName":"Peas & Beans","title":"Bulk Organic English Peas","producer":"Tutti Frutti Farm","photoPath":"https://goodeggs4.imgix.net/86723422-6029-4e5a-9090-ac37125112cd.jpg?w=380&h=238&fm=jpg&auto=compress&fit=crop","price":"9.99","pricePer":"$3.33 / lb","purchaseUnit":"3 lb"},{"mainCategory":"Produce","categoryName":"Vegetables","subCategoryName":"Peas & Beans","title":"Organic Sugar Snap Peas","producer":"Tutti Frutti Farm","photoPath":"https://goodeggs4.imgix.net/012f8b5e-ecdb-4297-b76a-babe748e5861.jpg?w=380&h=238&fm=jpg&auto=compress&fit=crop","price":"5.99","pricePer":"$5.99 / lb","purchaseUnit":"1 lb"},{"mainCategory":"Produce","categoryName":"Vegetables","subCategoryName":"Peas & Beans","title":"Bulk Organic Sugar Snap Peas","producer":"Tutti Frutti Farm","photoPath":"https://goodeggs4.imgix.net/89ae8839-f552-45dd-96e6-ae53b57c5d57.jpg?w=380&h=238&fm=jpg&auto=compress&fit=crop","price":"15.99","pricePer":"$5.33 / lb","purchaseUnit":"3 lb"},{"mainCategory":"Produce","categoryName":"Vegetables","subCategoryName":"Peas & Beans","title":"Organic Snow Peas","producer":"From Our Farmers","photoPath":"https://goodeggs4.imgix.net/b54b5da1-2dc8-42a6-8242-0dc5b636d639.jpg?w=380&h=238&fm=jpg&auto=compress&fit=crop","price":"5.99","pricePer":"$5.99 / lb","purchaseUnit":"1 lb"},{"mainCategory":"Produce","categoryName":"Vegetables","subCategoryName":"Peas & Beans","title":"Trimmed Green Beans","producer":"Healthy Food Inc. Kitchen","photoPath":"https://goodeggs4.imgix.net/b0314266-c70e-4a3f-8ef4-67d7161aa88c.jpg?w=380&h=238&fm=jpg&auto=compress&fit=crop","price":"4.99","pricePer":"$8.87 / lb","purchaseUnit":"9 oz"},{"mainCategory":"Produce","categoryName":"Vegetables","subCategoryName":"Broccoli & Cauliflower","title":"Organic Broccoli Di Ciccio","producer":"From Our Farmers","photoPath":"https://goodeggs4.imgix.net/448b8c52-2bd3-415b-b8a5-71958fd3a556.jpg?w=380&h=238&fm=jpg&auto=compress&fit=crop","price":"3.49","pricePer":"$6.98 / lb","purchaseUnit":"0.5 lb"},{"mainCategory":"Produce","categoryName":"Vegetables","subCategoryName":"Broccoli & Cauliflower","title":"Broccoli Florets","producer":"Healthy Food Inc. Kitchen","photoPath":"https://goodeggs4.imgix.net/ed644d39-a5a1-42f8-bac0-6f8992e10082.jpg?w=380&h=238&fm=jpg&auto=compress&fit=crop","price":"5.99","pricePer":"$10.64 / lb","purchaseUnit":"9 oz"},{"mainCategory":"Produce","categoryName":"Vegetables","subCategoryName":"Broccoli & Cauliflower","title":"Broccoli & Cauliflower Florets","producer":"Healthy Food Inc. Kitchen","photoPath":"https://goodeggs4.imgix.net/5bac23cd-dfe8-4bb0-9e5f-5163fe052a93.jpg?w=380&h=238&fm=jpg&auto=compress&fit=crop","price":"5.99","pricePer":"$10.64 / lb","purchaseUnit":"9 oz"},{"mainCategory":"Produce","categoryName":"Vegetables","subCategoryName":"Broccoli & Cauliflower","title":"Organic Broccoli Rabe","producer":"Coke Farms","photoPath":"https://goodeggs4.imgix.net/664083bf-455a-4d9f-b3a2-20fa22503b00.jpg?w=380&h=238&fm=jpg&auto=compress&fit=crop","price":"2.49","pricePer":"$4.98 / lb","purchaseUnit":"1 bunch"},{"mainCategory":"Produce","categoryName":"Vegetables","subCategoryName":"Broccoli & Cauliflower","title":"Organic Baby Broccoli Trio","producer":"Coke Farm","photoPath":"https://goodeggs4.imgix.net/212b0620-3160-4f15-b068-bed1791669f0.jpg?w=380&h=238&fm=jpg&auto=compress&fit=crop","price":"6.99","pricePer":"$4.23 / lb","purchaseUnit":"3 bunch"},{"mainCategory":"Produce","categoryName":"Vegetables","subCategoryName":"Broccoli & Cauliflower","title":"Organic Baby Broccoli","producer":"Coke Farm","photoPath":"https://goodeggs4.imgix.net/ce7fba5b-2168-4bc6-98b0-fd28b2c2235b.jpg?w=380&h=238&fm=jpg&auto=compress&fit=crop","price":"2.99","pricePer":"$9.96 / lb","purchaseUnit":"1 bunch"},{"mainCategory":"Produce","categoryName":"Vegetables","subCategoryName":"Broccoli & Cauliflower","title":"Organic Bunched Broccoli","producer":"Terra Firma Farm","photoPath":"https://goodeggs4.imgix.net/65f20f87-89ef-44a6-976a-a1e2a717ac9f.jpg?w=380&h=238&fm=jpg&auto=compress&fit=crop","price":"2.99","pricePer":"$2.99 / lb","purchaseUnit":"1 bunch"},{"mainCategory":"Produce","categoryName":"Vegetables","subCategoryName":"Broccoli & Cauliflower","title":"Organic Broccoli Crowns","producer":"Sunrise Organics","photoPath":"https://goodeggs4.imgix.net/1f66b89a-e2e2-4569-9b2e-cc0bd8aa12b2.jpg?w=380&h=238&fm=jpg&auto=compress&fit=crop","price":"7.99","pricePer":"$3.99 / lb","purchaseUnit":"2 lb"},{"mainCategory":"Produce","categoryName":"Vegetables","subCategoryName":"Broccoli & Cauliflower","title":"Organic Riced Cauliflower","producer":"Josie's Organics","photoPath":"https://goodeggs4.imgix.net/dd006256-d64e-4d7a-9f47-708aea7d69f3.jpg?w=380&h=238&fm=jpg&auto=compress&fit=crop","price":"4.99","pricePer":"$0.49 / oz","purchaseUnit":"10 oz"},{"mainCategory":"Produce","categoryName":"Vegetables","subCategoryName":"Broccoli & Cauliflower","title":"Organic Small Romanesco","producer":"From Our Farmers","photoPath":"https://goodeggs4.imgix.net/3f51079d-e79c-44f0-879c-954e380fe0da.jpg?w=380&h=238&fm=jpg&auto=compress&fit=crop","price":"3.99","pricePer":"$3.99 / lb","purchaseUnit":"1 count"},{"mainCategory":"Produce","categoryName":"Vegetables","subCategoryName":"Broccoli & Cauliflower","title":"Organic Large Cauliflower","producer":"Tomatero Farm","photoPath":"https://goodeggs4.imgix.net/4c9f900d-bb16-4cca-87e3-29a17ccc1408.jpg?w=380&h=238&fm=jpg&auto=compress&fit=crop","price":"3.99","pricePer":"$2.28 / lb","purchaseUnit":"1 head"},{"mainCategory":"Produce","categoryName":"Vegetables","subCategoryName":"Broccoli & Cauliflower","title":"Cauliflower Florets","producer":"Healthy Food Inc. Kitchen","photoPath":"https://goodeggs4.imgix.net/6280e439-4c9c-4119-87cd-b3addbceef5c.jpg?w=380&h=238&fm=jpg&auto=compress&fit=crop","price":"5.99","pricePer":"$0.66 / oz","purchaseUnit":"9 oz"},{"mainCategory":"Produce","categoryName":"Vegetables","subCategoryName":"Carrots & Celery","title":"Carrot & Celery Sticks","producer":"Healthy Food Inc. Kitchen","photoPath":"https://goodeggs4.imgix.net/a825db50-fea8-4cd8-86c3-41c39bb4968d.jpg?w=380&h=238&fm=jpg&auto=compress&fit=crop","price":"3.99","pricePer":"$0.40 / oz","purchaseUnit":"10 oz"},{"mainCategory":"Produce","categoryName":"Vegetables","subCategoryName":"Carrots & Celery","title":"Rainbow Carrot Sticks","producer":"Healthy Food Inc. Kitchen","photoPath":"https://goodeggs4.imgix.net/93a94770-8e4e-11eb-9180-134c133f9914?w=380&h=238&fm=jpg&auto=compress&fit=crop","price":"4.99","pricePer":"$0.83 / oz","purchaseUnit":"6 oz"},{"mainCategory":"Produce","categoryName":"Vegetables","subCategoryName":"Carrots & Celery","title":"Bulk Organic Loose Nantes Carrots","producer":"Full Belly Farm","photoPath":"https://goodeggs4.imgix.net/385444fa-f29b-4efd-a126-fbe36894314a.jpg?w=380&h=238&fm=jpg&auto=compress&fit=crop","price":"9.99","pricePer":"$1.99 / lb","purchaseUnit":"5 lb"},{"mainCategory":"Produce","categoryName":"Vegetables","subCategoryName":"Carrots & Celery","title":"Organic Nantes Carrots","producer":"Sunrise Organic Farm","photoPath":"https://goodeggs4.imgix.net/5d5882dd-2e1b-40c2-85ab-42c821f05da0.jpg?w=380&h=238&fm=jpg&auto=compress&fit=crop","price":"2.99","pricePer":"$3.41 / lb","purchaseUnit":"1 bunch"},{"mainCategory":"Produce","categoryName":"Vegetables","subCategoryName":"Carrots & Celery","title":"Organic Nantes Carrots Trio","producer":"Sunrise Organic Farm","photoPath":"https://goodeggs4.imgix.net/d99eda00-f2f9-4d0f-9547-fdb4e5af786c.jpg?w=380&h=238&fm=jpg&auto=compress&fit=crop","price":"7.99","pricePer":"$3.04 / lb","purchaseUnit":"3 bunch"},{"mainCategory":"Produce","categoryName":"Vegetables","subCategoryName":"Carrots & Celery","title":"Organic Loose Nantes Carrots","producer":"Givens Farm","photoPath":"https://goodeggs4.imgix.net/f58c9c80-fb8c-446d-ad8c-ec0a420ee8e0.jpg?w=380&h=238&fm=jpg&auto=compress&fit=crop","price":"2.29","pricePer":"$2.29 / lb","purchaseUnit":"1 lb"},{"mainCategory":"Produce","categoryName":"Vegetables","subCategoryName":"Carrots & Celery","title":"Bagged Organic Nantes Carrots","producer":"Terra Firma Farm","photoPath":"https://goodeggs4.imgix.net/05a59a62-409c-44b1-b36c-047719bb8bc2.jpg?w=380&h=238&fm=jpg&auto=compress&fit=crop","price":"2.29","pricePer":"$2.29 / lb","purchaseUnit":"1 lb"},{"mainCategory":"Produce","categoryName":"Vegetables","subCategoryName":"Carrots & Celery","title":"Organic Bunched Rainbow Carrots","producer":"From Our Farmers","photoPath":"https://goodeggs4.imgix.net/e0bb5c75-b5bf-428b-939b-b0e5f29b89e2.jpg?w=380&h=238&fm=jpg&auto=compress&fit=crop","price":"2.49","pricePer":"$2.49 / lb","purchaseUnit":"1 bunch"},{"mainCategory":"Produce","categoryName":"Vegetables","subCategoryName":"Carrots & Celery","title":"Organic Loose Rainbow Carrots","producer":"From Our Farmers","photoPath":"https://goodeggs4.imgix.net/4ce81aa1-b8d0-46a3-819f-7afbceeaf720.jpg?w=380&h=238&fm=jpg&auto=compress&fit=crop","price":"2.99","pricePer":"$2.99 / lb","purchaseUnit":"1 lb"},{"mainCategory":"Produce","categoryName":"Vegetables","subCategoryName":"Carrots & Celery","title":"Organic Yellow Carrots","producer":"From Our Farmers","photoPath":"https://goodeggs4.imgix.net/2691f0e6-aff3-45c0-a4a0-e146dd54794b.jpg?w=380&h=238&fm=jpg&auto=compress&fit=crop","price":"2.99","pricePer":"$5.98 / lb","purchaseUnit":"1 bunch"},{"mainCategory":"Produce","categoryName":"Vegetables","subCategoryName":"Carrots & Celery","title":"Organic Small Celery","producer":"From Our Farmers","photoPath":"https://goodeggs4.imgix.net/86c91876-88b1-4c46-a736-61694dbb2164.jpg?w=380&h=238&fm=jpg&auto=compress&fit=crop","price":"1.99","pricePer":"$1.99 / lb","purchaseUnit":"1 count"},{"mainCategory":"Produce","categoryName":"Vegetables","subCategoryName":"Carrots & Celery","title":"Organic Small Celery Trio","producer":"From Our Farmers","photoPath":"https://goodeggs4.imgix.net/0416f6c6-dcb3-43ef-aab2-08f4802a956a.jpg?w=380&h=238&fm=jpg&auto=compress&fit=crop","price":"4.99","pricePer":"$1.66 / lb","purchaseUnit":"3 count"},{"mainCategory":"Produce","categoryName":"Vegetables","subCategoryName":"Carrots & Celery","title":"Organic Celery Root","producer":"Lakeside Organic Gardens","photoPath":"https://goodeggs4.imgix.net/1b67b580-cb5a-479a-9bb8-c393b54968eb.jpg?w=380&h=238&fm=jpg&auto=compress&fit=crop","price":"2.99","pricePer":"$2.99 / lb","purchaseUnit":"1 lb"},{"mainCategory":"Produce","categoryName":"Vegetables","subCategoryName":"Carrots & Celery","title":"Organic Fennel","producer":"Oya Organics","photoPath":"https://goodeggs4.imgix.net/c6dbf14f-d330-4b8e-aa8b-a78e69bbd290.jpg?w=380&h=238&fm=jpg&auto=compress&fit=crop","price":"2.49","pricePer":"$3.32 / lb","purchaseUnit":"1 count"},{"mainCategory":"Produce","categoryName":"Vegetables","subCategoryName":"Carrots & Celery","title":"Cucumber & Carrot Spears","producer":"Healthy Food Inc. Kitchen","photoPath":"https://goodeggs4.imgix.net/59b3d2c0-92f8-419f-b0e9-baedc84d4304.jpg?w=380&h=238&fm=jpg&auto=compress&fit=crop","price":"4.99","pricePer":"$0.49 / oz","purchaseUnit":"10 oz"},{"mainCategory":"Produce","categoryName":"Vegetables","subCategoryName":"Carrots & Celery","title":"Crinkle Cut Carrot Coins","producer":"Healthy Food Inc. Kitchen","photoPath":"https://goodeggs4.imgix.net/b7c9afa6-a3fc-4038-9feb-73690cadf851.jpg?w=380&h=238&fm=jpg&auto=compress&fit=crop","price":"3.99","pricePer":"$0.49 / oz","purchaseUnit":"8 oz"},{"mainCategory":"Produce","categoryName":"Vegetables","subCategoryName":"Artichokes & Asparagus","title":"Organic Baby Artichokes","producer":"Coke Farms","photoPath":"https://goodeggs4.imgix.net/ec636fa4-f0e3-48bc-a643-71c13b754d27.jpg?w=380&h=238&fm=jpg&auto=compress&fit=crop","price":"3.99","pricePer":"$3.99 / lb","purchaseUnit":"1 lb"},{"mainCategory":"Produce","categoryName":"Vegetables","subCategoryName":"Artichokes & Asparagus","title":"Organic Large Artichoke Duo","producer":"JAS Family Farms Organics","photoPath":"https://goodeggs4.imgix.net/9a4f2639-ef02-4e7d-8f32-418c13f90637.jpg?w=380&h=238&fm=jpg&auto=compress&fit=crop","price":"3.99","pricePer":"$3.32 / lb","purchaseUnit":"2 count"},{"mainCategory":"Produce","categoryName":"Vegetables","subCategoryName":"Artichokes & Asparagus","title":"Organic Large Artichoke","producer":"JAS Family Farms Organics","photoPath":"https://goodeggs4.imgix.net/43310fae-e72c-43ea-9c7e-052e4ae2ec54.jpg?w=380&h=238&fm=jpg&auto=compress&fit=crop","price":"2.29","pricePer":"$3.81 / lb","purchaseUnit":"1 count"},{"mainCategory":"Produce","categoryName":"Vegetables","subCategoryName":"Artichokes & Asparagus","title":"Organic California-Grown Asparagus","producer":"Durst Organic Growers","photoPath":"https://goodeggs4.imgix.net/efe113f3-14c3-44e0-8290-f57ad95793c0.jpg?w=380&h=238&fm=jpg&auto=compress&fit=crop","price":"5.99","pricePer":"$5.99 / lb","purchaseUnit":"1 bunch"},{"mainCategory":"Produce","categoryName":"Vegetables","subCategoryName":"Artichokes & Asparagus","title":"Organic Asparagus Duo","producer":"Durst Organic Growers","photoPath":"https://goodeggs4.imgix.net/09d2db33-5c3a-4e09-b990-0a7824c6394b.jpg?w=380&h=238&fm=jpg&auto=compress&fit=crop","price":"9.99","pricePer":"$4.99 / lb","purchaseUnit":"2 bunch"},{"mainCategory":"Produce","categoryName":"Vegetables","subCategoryName":"Artichokes & Asparagus","title":"Asparagus & Herb Butter","producer":"Healthy Food Inc. Kitchen","photoPath":"https://goodeggs4.imgix.net/3071ed50-81f7-11eb-9783-f3d67f42bb6b?w=380&h=238&fm=jpg&auto=compress&fit=crop","price":"9.99","pricePer":"$0.62 / oz","purchaseUnit":"16 oz"},{"mainCategory":"Produce","categoryName":"Vegetables","subCategoryName":"Specialty Vegetables","title":"Organic Rhubarb","producer":"From Our Farmers","photoPath":"https://goodeggs4.imgix.net/021761c5-35f9-4a65-ae5d-7e5ccce69611.jpg?w=380&h=238&fm=jpg&auto=compress&fit=crop","price":"4.99","pricePer":"$4.99 / lb","purchaseUnit":"1 lb"},{"mainCategory":"Produce","categoryName":"Vegetables","subCategoryName":"Specialty Vegetables","title":"Bulk Organic Rhubarb","producer":"From Our Farmers","photoPath":"https://goodeggs4.imgix.net/5df0a4c9-b73f-40b1-a974-a611d7b7363f.jpg?w=380&h=238&fm=jpg&auto=compress&fit=crop","price":"11.99","pricePer":"$3.99 / lb","purchaseUnit":"3 lb"},{"mainCategory":"Produce","categoryName":"Vegetables","subCategoryName":"Cabbage & Brussels Sprouts","title":"Organic & Fair Trade Brussels Sprouts (Mexico)","producer":"Covilli Organics","photoPath":"https://goodeggs4.imgix.net/944fee17-a982-491c-b14c-39f2f9ac42fb.jpg?w=380&h=238&fm=jpg&auto=compress&fit=crop","price":"5.99","pricePer":"$5.99 / lb","purchaseUnit":"1 lb"},{"mainCategory":"Produce","categoryName":"Vegetables","subCategoryName":"Cabbage & Brussels Sprouts","title":"Bulk Organic & Fair Trade Brussels Sprouts (Mexico)","producer":"Covilli Organics","photoPath":"https://goodeggs4.imgix.net/4cfe1a67-2a31-44ea-9a93-d9b262bfa03e.jpg?w=380&h=238&fm=jpg&auto=compress&fit=crop","price":"14.99","pricePer":"$4.99 / lb","purchaseUnit":"3 lb"},{"mainCategory":"Produce","categoryName":"Vegetables","subCategoryName":"Cabbage & Brussels Sprouts","title":"Organic Small Green Cabbage","producer":"From Our Farmers","photoPath":"https://goodeggs4.imgix.net/ce2557e6-b998-4429-b6b8-916aef9a5d81.jpg?w=380&h=238&fm=jpg&auto=compress&fit=crop","price":"2.99","pricePer":"$1.70 / lb","purchaseUnit":"1 count"},{"mainCategory":"Produce","categoryName":"Vegetables","subCategoryName":"Cabbage & Brussels Sprouts","title":"Organic Napa Cabbage","producer":"Lakeside Organic Gardens","photoPath":"https://goodeggs4.imgix.net/e52a09d5-7d2b-4448-8832-df1e06edfabd.jpg?w=380&h=238&fm=jpg&auto=compress&fit=crop","price":"4.99","pricePer":"$2.49 / lb","purchaseUnit":"2 lb"},{"mainCategory":"Produce","categoryName":"Vegetables","subCategoryName":"Cabbage & Brussels Sprouts","title":"Organic Small Red Cabbage","producer":"From Our Farmers","photoPath":"https://goodeggs4.imgix.net/896c19d9-8b0d-462c-8e1e-0acf3a437747.jpg?w=380&h=238&fm=jpg&auto=compress&fit=crop","price":"2.99","pricePer":"$1.99 / lb","purchaseUnit":"1 count"},{"mainCategory":"Produce","categoryName":"Vegetables","subCategoryName":"Cabbage & Brussels Sprouts","title":"Organic Small Savoy Cabbage","producer":"Lakeside Organic Gardens","photoPath":"https://goodeggs4.imgix.net/da140525-4796-4982-8523-26a3a970a5fe.jpg?w=380&h=238&fm=jpg&auto=compress&fit=crop","price":"1.49","pricePer":"$1.49 / lb","purchaseUnit":"1 count"},{"mainCategory":"Produce","categoryName":"Vegetables","subCategoryName":"Cabbage & Brussels Sprouts","title":"Cabbage Slaw","producer":"Healthy Food Inc. Kitchen","photoPath":"https://goodeggs4.imgix.net/417e7dd2-56ff-412d-9f06-1f41051a38ab.jpg?w=380&h=238&fm=jpg&auto=compress&fit=crop","price":"4.99","pricePer":"$0.62 / oz","purchaseUnit":"8 oz"},{"mainCategory":"Produce","categoryName":"Vegetables","subCategoryName":"Cabbage & Brussels Sprouts","title":"Shredded Green & Red Cabbage","producer":"Healthy Food Inc. Kitchen","photoPath":"https://goodeggs4.imgix.net/e667d5d0-8e4e-11eb-a74a-432eca49252a?w=380&h=238&fm=jpg&auto=compress&fit=crop","price":"3.99","pricePer":"$0.66 / oz","purchaseUnit":"6 oz"},{"mainCategory":"Produce","categoryName":"Vegetables","subCategoryName":"Cabbage & Brussels Sprouts","title":"Shredded Red Cabbage","producer":"Healthy Food Inc. Kitchen","photoPath":"https://goodeggs4.imgix.net/e47c3270-8e4e-11eb-a74a-432eca49252a?w=380&h=238&fm=jpg&auto=compress&fit=crop","price":"3.99","pricePer":"$0.66 / oz","purchaseUnit":"6 oz"},{"mainCategory":"Produce","categoryName":"Vegetables","subCategoryName":"Cabbage & Brussels Sprouts","title":"Shredded Cabbage","producer":"Healthy Food Inc. Kitchen","photoPath":"https://goodeggs4.imgix.net/356d31a4-2656-41b3-b28a-00d226c873f7.jpg?w=380&h=238&fm=jpg&auto=compress&fit=crop","price":"3.99","pricePer":"$0.66 / oz","purchaseUnit":"6 oz"},{"mainCategory":"Produce","categoryName":"Vegetables","subCategoryName":"Squash","title":"Organic Yellow Crookneck Squash","producer":"From Our Farmers","photoPath":"https://goodeggs4.imgix.net/e93bda1d-7990-45fa-91ae-bf625db9a194.jpg?w=380&h=238&fm=jpg&auto=compress&fit=crop","price":"3.29","pricePer":"$3.29 / lb","purchaseUnit":"1 lb"},{"mainCategory":"Produce","categoryName":"Vegetables","subCategoryName":"Squash","title":"Organic & Fair Trade Organic Butternut Squash (Mexico)","producer":"Covilli Organics","photoPath":"https://goodeggs4.imgix.net/e2ac115f-ab31-408a-bb7c-bec009c5dc99.jpg?w=380&h=238&fm=jpg&auto=compress&fit=crop","price":"4.99","pricePer":"$1.84 / lb","purchaseUnit":"1 count"},{"mainCategory":"Produce","categoryName":"Vegetables","subCategoryName":"Squash","title":"Organic & Fair Trade Delicata Squash (Mexico)","producer":"Covilli Organics","photoPath":"https://goodeggs4.imgix.net/9ef19114-5468-426e-93bb-009152549645.jpg?w=380&h=238&fm=jpg&auto=compress&fit=crop","price":"2.49","pricePer":"$2.49 / lb","purchaseUnit":"1 count"},{"mainCategory":"Produce","categoryName":"Vegetables","subCategoryName":"Squash","title":"Organic & Fair Trade Delicata Squash (Mexico)","producer":"From Our Farmers","photoPath":"https://goodeggs4.imgix.net/5e9620bf-966a-40b1-a0bc-ddb2f888c754.jpg?w=380&h=238&fm=jpg&auto=compress&fit=crop","price":"4.49","pricePer":"$2.24 / lb","purchaseUnit":"2 lb"},{"mainCategory":"Produce","categoryName":"Vegetables","subCategoryName":"Squash","title":"Organic Zucchini Trio","producer":"From Our Farmers","photoPath":"https://goodeggs4.imgix.net/27b7bfe9-2431-47eb-81e1-98f38235b5e8.jpg?w=380&h=238&fm=jpg&auto=compress&fit=crop","price":"2.99","pricePer":"$2.84 / lb","purchaseUnit":"3 count"},{"mainCategory":"Produce","categoryName":"Vegetables","subCategoryName":"Squash","title":"Organic Zucchini","producer":"From Our Farmers","photoPath":"https://goodeggs4.imgix.net/ce1130c9-db73-44a1-ae3c-ac2c5d5dc580.jpg?w=380&h=238&fm=jpg&auto=compress&fit=crop","price":"1.29","pricePer":"$3.68 / lb","purchaseUnit":"1 count"},{"mainCategory":"Produce","categoryName":"Vegetables","subCategoryName":"Squash","title":"Bulk Organic Zucchini","producer":"From Our Farmers","photoPath":"https://goodeggs4.imgix.net/54df8771-384e-4956-b334-e071f6586241.jpg?w=380&h=238&fm=jpg&auto=compress&fit=crop","price":"7.99","pricePer":"$2.66 / lb","purchaseUnit":"3 lb"},{"mainCategory":"Produce","categoryName":"Vegetables","subCategoryName":"Squash","title":"Organic Zucchini Spirals","producer":"Cece's Veggie Noodle Co.","photoPath":"https://goodeggs4.imgix.net/bd881bfb-15a8-45ea-b40e-eb1af9d0b9cf.jpg?w=380&h=238&fm=jpg&auto=compress&fit=crop","price":"5.99","pricePer":"$0.55 / oz","purchaseUnit":"10.7 oz"},{"mainCategory":"Produce","categoryName":"Vegetables","subCategoryName":"Radishes & Roots","title":"Organic Green Kohlrabi","producer":"From Our Farmers","photoPath":"https://goodeggs4.imgix.net/ec0045dc-72ad-4039-85db-e1aed77e23b7.jpg?w=380&h=238&fm=jpg&auto=compress&fit=crop","price":"4.49","pricePer":"$4.98 / lb","purchaseUnit":"1 bunch"},{"mainCategory":"Produce","categoryName":"Vegetables","subCategoryName":"Radishes & Roots","title":"Organic Parsnips","producer":"From Our Farmers","photoPath":"https://goodeggs4.imgix.net/57131dca-bb29-4574-abcc-e4c11195e0cc.jpg?w=380&h=238&fm=jpg&auto=compress&fit=crop","price":"2.99","pricePer":"$2.99 / lb","purchaseUnit":"1 lb"},{"mainCategory":"Produce","categoryName":"Vegetables","subCategoryName":"Radishes & Roots","title":"Organic Black Spanish Radishes","producer":"From Our Farmers","photoPath":"https://goodeggs4.imgix.net/8ea9eacf-e373-4829-99c5-42fd645ba7a2.jpg?w=380&h=238&fm=jpg&auto=compress&fit=crop","price":"3.99","pricePer":"$3.99 / lb","purchaseUnit":"1 lb"},{"mainCategory":"Produce","categoryName":"Vegetables","subCategoryName":"Radishes & Roots","title":"Organic French Breakfast Radishes","producer":"From Our Farmers","photoPath":"https://goodeggs4.imgix.net/a7c9d4ff-00e2-4c8f-94d0-7b6003260167.jpg?w=380&h=238&fm=jpg&auto=compress&fit=crop","price":"2.29","pricePer":"$4.58 / lb","purchaseUnit":"1 bunch"},{"mainCategory":"Produce","categoryName":"Vegetables","subCategoryName":"Radishes & Roots","title":"Organic Purple Daikon Radish","producer":"Riverdog Farm ","photoPath":"https://goodeggs4.imgix.net/9252e1a3-12cd-4ab3-98f1-7a53ab3f2c84.jpg?w=380&h=238&fm=jpg&auto=compress&fit=crop","price":"2.49","pricePer":"$2.49 / lb","purchaseUnit":"1 lb"},{"mainCategory":"Produce","categoryName":"Vegetables","subCategoryName":"Radishes & Roots","title":"Organic Daikon Radish","producer":"From Our Farmers","photoPath":"https://goodeggs4.imgix.net/61f3ca95-bf2f-4f86-ae5c-fa2d5aeaf980.jpg?w=380&h=238&fm=jpg&auto=compress&fit=crop","price":"1.99","pricePer":"$1.99 / lb","purchaseUnit":"1 lb"},{"mainCategory":"Produce","categoryName":"Vegetables","subCategoryName":"Radishes & Roots","title":"Organic Cherry Belle Radishes","producer":"Dirty Girl Produce","photoPath":"https://goodeggs4.imgix.net/f414245a-0800-4af6-8001-cef349171cde.jpg?w=380&h=238&fm=jpg&auto=compress&fit=crop","price":"2.49","pricePer":"$9.96 / lb","purchaseUnit":"1 bunch"},{"mainCategory":"Produce","categoryName":"Vegetables","subCategoryName":"Radishes & Roots","title":"Organic Burdock","producer":"From Our Farmers","photoPath":"https://goodeggs4.imgix.net/15d743a2-643c-4285-8f1f-13babe91aaff.jpg?w=380&h=238&fm=jpg&auto=compress&fit=crop","price":"6.99","pricePer":"$6.99 / lb","purchaseUnit":"1 lb"},{"mainCategory":"Produce","categoryName":"Vegetables","subCategoryName":"Radishes & Roots","title":"Organic Rutabaga","producer":"Heirloom Organic Gardens","photoPath":"https://goodeggs4.imgix.net/ebc106f6-f559-4837-8235-598713248efa.jpg?w=380&h=238&fm=jpg&auto=compress&fit=crop","price":"1.99","pricePer":"$1.99 / lb","purchaseUnit":"1 lb"},{"mainCategory":"Produce","categoryName":"Vegetables","subCategoryName":"Radishes & Roots","title":"Organic Purple Top Turnips","producer":"Riverdog Farm ","photoPath":"https://goodeggs4.imgix.net/517e9705-f70f-49ee-af2f-95c461932133.jpg?w=380&h=238&fm=jpg&auto=compress&fit=crop","price":"2.49","pricePer":"$2.49 / lb","purchaseUnit":"1 lb"},{"mainCategory":"Produce","categoryName":"Vegetables","subCategoryName":"Radishes & Roots","title":"Organic Tokyo Turnip","producer":"Fifth Crow Farm","photoPath":"https://goodeggs4.imgix.net/97891f8c-a9ed-44fe-9808-ca4509a30e9c.jpg?w=380&h=238&fm=jpg&auto=compress&fit=crop","price":"3.49","pricePer":"$3.49 / lb","purchaseUnit":"1 bunch"},{"mainCategory":"Produce","categoryName":"Vegetables","subCategoryName":"Radishes & Roots","title":"Sliced Red Radishes","producer":"Healthy Food Inc. Kitchen","photoPath":"https://goodeggs4.imgix.net/0d93c041-f9d5-4b3d-ba5c-b8b4f811589a.jpg?w=380&h=238&fm=jpg&auto=compress&fit=crop","price":"3.99","pricePer":"$1.99 / oz","purchaseUnit":"2 oz"},{"mainCategory":"Produce","categoryName":"Greens","subCategoryName":"Kale & Spinach","title":"Baby Kale","producer":"Plenty","photoPath":"https://goodeggs4.imgix.net/be8c9cd1-e1f7-4070-84aa-e46d1cce36d2.jpg?w=380&h=238&fm=jpg&auto=compress&fit=crop","price":"4.99","pricePer":"$1.10 / oz","purchaseUnit":"4.5 oz"},{"mainCategory":"Produce","categoryName":"Greens","subCategoryName":"Kale & Spinach","title":"Pre-Washed Organic Baby Dino Kale","producer":"Jayleaf","photoPath":"https://goodeggs4.imgix.net/dd12bbf9-810f-4b2b-934d-ae47bbfdde4b.jpg?w=380&h=238&fm=jpg&auto=compress&fit=crop","price":"3.99","pricePer":"$7.98 / lb","purchaseUnit":"0.5 lb"},{"mainCategory":"Produce","categoryName":"Greens","subCategoryName":"Kale & Spinach","title":"Bulk Pre-Washed Organic Baby Dino Kale","producer":"Jayleaf","photoPath":"https://goodeggs4.imgix.net/1b99e038-148a-4546-9b7f-2cbe68824dc9.jpg?w=380&h=238&fm=jpg&auto=compress&fit=crop","price":"19.99","pricePer":"$6.66 / lb","purchaseUnit":"3 lb"},{"mainCategory":"Produce","categoryName":"Greens","subCategoryName":"Kale & Spinach","title":"Pre-Washed Organic Baby Dino Kale","producer":"Jayleaf","photoPath":"https://goodeggs4.imgix.net/22fcb020-de1a-419f-a406-fc4ba2d97909.jpg?w=380&h=238&fm=jpg&auto=compress&fit=crop","price":"6.99","pricePer":"$0.44 / oz","purchaseUnit":"1 lb"},{"mainCategory":"Produce","categoryName":"Greens","subCategoryName":"Kale & Spinach","title":"Organic Curly Kale","producer":"Blue House Organic Farm","photoPath":"https://goodeggs4.imgix.net/504bf9f8-1462-4014-ac94-b3e376b4872b.jpg?w=380&h=238&fm=jpg&auto=compress&fit=crop","price":"2.49","pricePer":"$4.98 / lb","purchaseUnit":"1 bunch"},{"mainCategory":"Produce","categoryName":"Greens","subCategoryName":"Kale & Spinach","title":"Aquaponic Green Curly Kale","producer":"Ouroboros Farms","photoPath":"https://goodeggs4.imgix.net/eaaa79f5-7c38-4e79-89e5-c073b0851320.jpg?w=380&h=238&fm=jpg&auto=compress&fit=crop","price":"3.49","pricePer":"$6.98 / lb","purchaseUnit":"1 bunch"},{"mainCategory":"Produce","categoryName":"Greens","subCategoryName":"Kale & Spinach","title":"Organic Lacinato Kale","producer":"Blue House Farm","photoPath":"https://goodeggs4.imgix.net/4a91ebe2-8bc0-486c-9bc7-55ed0f6906df.jpg?w=380&h=238&fm=jpg&auto=compress&fit=crop","price":"2.49","pricePer":"$4.98 / lb","purchaseUnit":"1 bunch"},{"mainCategory":"Produce","categoryName":"Greens","subCategoryName":"Kale & Spinach","title":"Organic Lacinato Kale Trio","producer":"Blue House Farm","photoPath":"https://goodeggs4.imgix.net/e0fdb36f-2860-4d9b-a40e-5eee8a8c5632.jpg?w=380&h=238&fm=jpg&auto=compress&fit=crop","price":"5.99","pricePer":"$3.99 / lb","purchaseUnit":"3 bunch"},{"mainCategory":"Produce","categoryName":"Greens","subCategoryName":"Kale & Spinach","title":"Organic Red Curly Kale","producer":"Oya Organics","photoPath":"https://goodeggs4.imgix.net/2fcec268-4bb1-41c2-8926-eea9d03e06f6.jpg?w=380&h=238&fm=jpg&auto=compress&fit=crop","price":"2.49","pricePer":"$4.98 / lb","purchaseUnit":"1 bunch"},{"mainCategory":"Produce","categoryName":"Greens","subCategoryName":"Kale & Spinach","title":"Organic Baby Spinach","producer":"Fifth Crow Farm","photoPath":"https://goodeggs4.imgix.net/3be42ee9-3f2d-4662-91d3-24d7dc5f8f3c.jpg?w=380&h=238&fm=jpg&auto=compress&fit=crop","price":"3.99","pricePer":"$7.98 / lb","purchaseUnit":"0.5 lb"},{"mainCategory":"Produce","categoryName":"Greens","subCategoryName":"Kale & Spinach","title":"Bulk Organic Baby Spinach","producer":"Fifth Crow Farm","photoPath":"https://goodeggs4.imgix.net/146e1f02-f88b-4e5d-a86d-71859a418c9d.jpg?w=380&h=238&fm=jpg&auto=compress&fit=crop","price":"19.99","pricePer":"$6.66 / lb","purchaseUnit":"3 lb"},{"mainCategory":"Produce","categoryName":"Greens","subCategoryName":"Kale & Spinach","title":"Pre-Washed Organic Baby Spinach","producer":"Jayleaf","photoPath":"https://goodeggs4.imgix.net/baf2590e-4943-4d4f-a280-1f09f1b7749d.jpg?w=380&h=238&fm=jpg&auto=compress&fit=crop","price":"6.99","pricePer":"$0.44 / oz","purchaseUnit":"1 lb"},{"mainCategory":"Produce","categoryName":"Greens","subCategoryName":"Kale & Spinach","title":"Organic Okame Spinach","producer":"Hikari Farms","photoPath":"https://goodeggs4.imgix.net/b1bae411-befb-489a-b87d-760196b552f9.jpg?w=380&h=238&fm=jpg&auto=compress&fit=crop","price":"3.49","pricePer":"$6.98 / lb","purchaseUnit":"1 bunch"},{"mainCategory":"Produce","categoryName":"Greens","subCategoryName":"Salad Mixes","title":"Pre-Washed Organic Baby Wild Arugula","producer":"Jayleaf","photoPath":"https://goodeggs4.imgix.net/e53ce263-f77c-430d-8072-bf1dca82c744.jpg?w=380&h=238&fm=jpg&auto=compress&fit=crop","price":"3.99","pricePer":"$7.98 / lb","purchaseUnit":"0.5 lb"},{"mainCategory":"Produce","categoryName":"Greens","subCategoryName":"Salad Mixes","title":"Bulk Pre-Washed Organic Baby Wild Arugula","producer":"Jayleaf","photoPath":"https://goodeggs4.imgix.net/c1949473-7e85-475e-8192-d7d2873700da.jpg?w=380&h=238&fm=jpg&auto=compress&fit=crop","price":"23.99","pricePer":"$5.99 / lb","purchaseUnit":"4 lb"},{"mainCategory":"Produce","categoryName":"Greens","subCategoryName":"Salad Mixes","title":"Pre-Washed Organic Baby Wild Arugula","producer":"Jayleaf","photoPath":"https://goodeggs4.imgix.net/028e2847-b2cc-4f02-ae72-abc11bafeec3.jpg?w=380&h=238&fm=jpg&auto=compress&fit=crop","price":"6.99","pricePer":"$0.44 / oz","purchaseUnit":"1 lb"},{"mainCategory":"Produce","categoryName":"Greens","subCategoryName":"Salad Mixes","title":"Baby Kale","producer":"Plenty","photoPath":"https://goodeggs4.imgix.net/be8c9cd1-e1f7-4070-84aa-e46d1cce36d2.jpg?w=380&h=238&fm=jpg&auto=compress&fit=crop","price":"4.99","pricePer":"$1.10 / oz","purchaseUnit":"4.5 oz"},{"mainCategory":"Produce","categoryName":"Greens","subCategoryName":"Salad Mixes","title":"Pre-Washed Organic Salad Mix","producer":"Jayleaf","photoPath":"https://goodeggs4.imgix.net/f65c052c-4699-40f6-bbde-4a4d4737bb21.jpg?w=380&h=238&fm=jpg&auto=compress&fit=crop","price":"2.99","pricePer":"$5.98 / lb","purchaseUnit":"0.5 lb"},{"mainCategory":"Produce","categoryName":"Greens","subCategoryName":"Salad Mixes","title":"Bulk Pre-Washed Organic Salad Mix","producer":"Jayleaf","photoPath":"https://goodeggs4.imgix.net/34fa3364-710b-488c-8c40-daeb0eab209a.jpg?w=380&h=238&fm=jpg&auto=compress&fit=crop","price":"17.99","pricePer":"$5.99 / lb","purchaseUnit":"3 lb"},{"mainCategory":"Produce","categoryName":"Greens","subCategoryName":"Salad Mixes","title":"Crispy Lettuce","producer":"Plenty","photoPath":"https://goodeggs4.imgix.net/526d2aaa-1266-42b3-880e-5ba3a5c9a24c.jpg?w=380&h=238&fm=jpg&auto=compress&fit=crop","price":"4.99","pricePer":"$1.10 / oz","purchaseUnit":"4.5 oz"},{"mainCategory":"Produce","categoryName":"Greens","subCategoryName":"Salad Mixes","title":"Baby Arugula","producer":"Plenty","photoPath":"https://goodeggs4.imgix.net/5f782177-d631-48a5-a445-a57f1caca8d1.jpg?w=380&h=238&fm=jpg&auto=compress&fit=crop","price":"4.99","pricePer":"$1.10 / oz","purchaseUnit":"4.5 oz"},{"mainCategory":"Produce","categoryName":"Greens","subCategoryName":"Salad Mixes","title":"Mizuna Mix Asian Greens Blend","producer":"Plenty","photoPath":"https://goodeggs4.imgix.net/2cf465fc-4ab5-4442-95f8-f56944926aff.jpg?w=380&h=238&fm=jpg&auto=compress&fit=crop","price":"4.99","pricePer":"$1.10 / oz","purchaseUnit":"4.5 oz"},{"mainCategory":"Produce","categoryName":"Greens","subCategoryName":"Salad Mixes","title":"Pre-Washed Organic Salad Mix","producer":"Jayleaf","photoPath":"https://goodeggs4.imgix.net/304b0fc7-76bd-4d69-b585-2cebaae8fee5.jpg?w=380&h=238&fm=jpg&auto=compress&fit=crop","price":"6.99","pricePer":"$0.44 / oz","purchaseUnit":"1 lb"},{"mainCategory":"Produce","categoryName":"Greens","subCategoryName":"Salad Mixes","title":"Pre-Washed Organic Baby Romaine","producer":"Kenter Canyon Farms","photoPath":"https://goodeggs4.imgix.net/7c2e6657-adf4-4ee2-969c-426842d46917.jpg?w=380&h=238&fm=jpg&auto=compress&fit=crop","price":"4.99","pricePer":"$15.96 / lb","purchaseUnit":"5 oz"},{"mainCategory":"Produce","categoryName":"Greens","subCategoryName":"Salad Mixes","title":"Pre-Washed Organic Saladini","producer":"Kenter Canyon Farms","photoPath":"https://goodeggs4.imgix.net/2d07418b-484b-4604-83a1-37566d9fa480.jpg?w=380&h=238&fm=jpg&auto=compress&fit=crop","price":"4.99","pricePer":"$15.96 / lb","purchaseUnit":"5 oz"},{"mainCategory":"Produce","categoryName":"Greens","subCategoryName":"Salad Mixes","title":"Pre-Washed Organic Mesclun Mix","producer":"Kenter Canyon Farms","photoPath":"https://goodeggs4.imgix.net/ac4d9df2-ab56-4ff2-aa01-de3fd82e7bec.jpg?w=380&h=238&fm=jpg&auto=compress&fit=crop","price":"4.99","pricePer":"$15.96 / lb","purchaseUnit":"5 oz"},{"mainCategory":"Produce","categoryName":"Greens","subCategoryName":"Salad Mixes","title":"Aquaponic Red Shiso","producer":"Ouroboros Farms","photoPath":"https://goodeggs4.imgix.net/c04759e3-14c4-46a8-bbdb-bec6177d2a1d.jpg?w=380&h=238&fm=jpg&auto=compress&fit=crop","price":"3.49","pricePer":"$2.32 / oz","purchaseUnit":"1.5 oz"},{"mainCategory":"Produce","categoryName":"Greens","subCategoryName":"Salad Mixes","title":"Aquaponic Shiso","producer":"Ouroboros Farms","photoPath":"https://goodeggs4.imgix.net/172c13db-2608-44dc-8bfc-6c2d8daba93b.jpg?w=380&h=238&fm=jpg&auto=compress&fit=crop","price":"3.49","pricePer":"$2.32 / oz","purchaseUnit":"1.5 oz"},{"mainCategory":"Produce","categoryName":"Greens","subCategoryName":"Salad Mixes","title":"Aquaponic Red Watercress","producer":"Ouroboros Farms","photoPath":"https://goodeggs4.imgix.net/e06adf52-7cd6-4a91-86c1-0aa159419bb9.jpg?w=380&h=238&fm=jpg&auto=compress&fit=crop","price":"3.49","pricePer":"$3.49 / oz","purchaseUnit":"1 oz"},{"mainCategory":"Produce","categoryName":"Greens","subCategoryName":"Lettuces & Chicories","title":"Organic Escarole","producer":"From Our Farmers","photoPath":"https://goodeggs4.imgix.net/9fcb13b6-2045-470d-9022-333fec7cb8a7.jpg?w=380&h=238&fm=jpg&auto=compress&fit=crop","price":"2.29","pricePer":"$4.58 / lb","purchaseUnit":"1 head"},{"mainCategory":"Produce","categoryName":"Greens","subCategoryName":"Lettuces & Chicories","title":"Organic Frisee","producer":"From Our Farmers","photoPath":"https://goodeggs4.imgix.net/0b0a3a27-5b7f-4191-82ce-75a6913340b9.jpg?w=380&h=238&fm=jpg&auto=compress&fit=crop","price":"1.99","pricePer":"$7.96 / lb","purchaseUnit":"1 count"},{"mainCategory":"Produce","categoryName":"Greens","subCategoryName":"Lettuces & Chicories","title":"Organic Mixed Baby Head Lettuces","producer":"Fifth Crow Farm","photoPath":"https://goodeggs4.imgix.net/03773077-1837-47a0-bea5-1e91c829e767.jpg?w=380&h=238&fm=jpg&auto=compress&fit=crop","price":"3.49","pricePer":"$6.98 / lb","purchaseUnit":"0.5 lb"},{"mainCategory":"Produce","categoryName":"Greens","subCategoryName":"Lettuces & Chicories","title":"Organic Green Butter Lettuce","producer":"Lakeside Organic Gardens","photoPath":"https://goodeggs4.imgix.net/9f11ab45-c066-41ac-974b-9173e27a2b74.jpg?w=380&h=238&fm=jpg&auto=compress&fit=crop","price":"2.49","pricePer":"$6.22 / lb","purchaseUnit":"1 count"},{"mainCategory":"Produce","categoryName":"Greens","subCategoryName":"Lettuces & Chicories","title":"Organic Red Butter Lettuce","producer":"From Our Farmers","photoPath":"https://goodeggs4.imgix.net/5225771f-17ec-41fd-838c-080c54893af4.jpg?w=380&h=238&fm=jpg&auto=compress&fit=crop","price":"2.49","pricePer":"$4.98 / lb","purchaseUnit":"1 count"},{"mainCategory":"Produce","categoryName":"Greens","subCategoryName":"Lettuces & Chicories","title":"Organic Iceberg Lettuce","producer":"From Our Farmers","photoPath":"https://goodeggs4.imgix.net/49e377ee-c1d2-4b63-8ffd-8cd49c7af376.jpg?w=380&h=238&fm=jpg&auto=compress&fit=crop","price":"2.99","pricePer":"$7.47 / lb","purchaseUnit":"1 head"},{"mainCategory":"Produce","categoryName":"Greens","subCategoryName":"Lettuces & Chicories","title":"Organic Red Leaf Lettuce","producer":"Coke Farm","photoPath":"https://goodeggs4.imgix.net/278a9897-7290-47de-ab9c-a79a026b439f.jpg?w=380&h=238&fm=jpg&auto=compress&fit=crop","price":"2.49","pricePer":"$3.32 / lb","purchaseUnit":"1 count"},{"mainCategory":"Produce","categoryName":"Greens","subCategoryName":"Lettuces & Chicories","title":"Organic Little Gem Lettuces","producer":"Blue House Organic Farm","photoPath":"https://goodeggs4.imgix.net/b92e4a36-3d60-4d3a-a577-f03774d72457.jpg?w=380&h=238&fm=jpg&auto=compress&fit=crop","price":"5.99","pricePer":"$5.99 / lb","purchaseUnit":"1 lb"},{"mainCategory":"Produce","categoryName":"Greens","subCategoryName":"Lettuces & Chicories","title":"Organic Little Gem Lettuce","producer":"Dirty Girl Produce","photoPath":"https://goodeggs4.imgix.net/876116f9-7bd4-4fb1-a941-a41a281577eb.jpg?w=380&h=238&fm=jpg&auto=compress&fit=crop","price":"6.99","pricePer":"$6.99 / lb","purchaseUnit":"1 lb"},{"mainCategory":"Produce","categoryName":"Greens","subCategoryName":"Lettuces & Chicories","title":"Organic Red Little Gem Lettuces","producer":"Lonely Mountain Farm","photoPath":"https://goodeggs4.imgix.net/b77b1b86-3aa1-4dfc-abbb-452272de0dbb.jpg?w=380&h=238&fm=jpg&auto=compress&fit=crop","price":"5.99","pricePer":"$5.99 / lb","purchaseUnit":"1 lb"},{"mainCategory":"Produce","categoryName":"Greens","subCategoryName":"Lettuces & Chicories","title":"Organic Romaine Lettuce","producer":"Lakeside Organic Gardens","photoPath":"https://goodeggs4.imgix.net/a866dc6a-22d4-4de3-a37c-b09ec4f935b2.jpg?w=380&h=238&fm=jpg&auto=compress&fit=crop","price":"1.99","pricePer":"$3.06 / lb","purchaseUnit":"1 count"},{"mainCategory":"Produce","categoryName":"Greens","subCategoryName":"Lettuces & Chicories","title":"Organic Chioggia Radicchio","producer":"Coke Farm","photoPath":"https://goodeggs4.imgix.net/a0e674d2-b932-451d-bc17-9ed458179308.jpg?w=380&h=238&fm=jpg&auto=compress&fit=crop","price":"2.99","pricePer":"$2.99 / lb","purchaseUnit":"1 head"},{"mainCategory":"Produce","categoryName":"Greens","subCategoryName":"Lettuces & Chicories","title":"Organic Treviso Radicchio","producer":"From Our Farmers","photoPath":"https://goodeggs4.imgix.net/c5ab3f16-3c33-4bda-9bb9-aa14d80ec395.jpg?w=380&h=238&fm=jpg&auto=compress&fit=crop","price":"2.99","pricePer":"$2.99 / lb","purchaseUnit":"1 head"},{"mainCategory":"Produce","categoryName":"Greens","subCategoryName":"Lettuces & Chicories","title":"Crispy Lettuce","producer":"Plenty","photoPath":"https://goodeggs4.imgix.net/526d2aaa-1266-42b3-880e-5ba3a5c9a24c.jpg?w=380&h=238&fm=jpg&auto=compress&fit=crop","price":"4.99","pricePer":"$1.10 / oz","purchaseUnit":"4.5 oz"},{"mainCategory":"Produce","categoryName":"Greens","subCategoryName":"Lettuces & Chicories","title":"Pre-Washed Organic Baby Romaine","producer":"Kenter Canyon Farms","photoPath":"https://goodeggs4.imgix.net/7c2e6657-adf4-4ee2-969c-426842d46917.jpg?w=380&h=238&fm=jpg&auto=compress&fit=crop","price":"4.99","pricePer":"$15.96 / lb","purchaseUnit":"5 oz"},{"mainCategory":"Produce","categoryName":"Greens","subCategoryName":"Lettuces & Chicories","title":"Organic Romaine Hearts","producer":"From Our Farmers","photoPath":"https://goodeggs4.imgix.net/3d366eb0-882f-11eb-9180-134c133f9914?w=380&h=238&fm=jpg&auto=compress&fit=crop","price":"2.99","pricePer":"$2.99 / lb","purchaseUnit":"3 count"},{"mainCategory":"Produce","categoryName":"Greens","subCategoryName":"Specialty Greens","title":"Organic Baby Bok Choy","producer":"Lakeside Organic Gardens","photoPath":"https://goodeggs4.imgix.net/04582027-1d31-47a1-a16b-0adbf80c39c3.jpg?w=380&h=238&fm=jpg&auto=compress&fit=crop","price":"2.99","pricePer":"$2.99 / lb","purchaseUnit":"1 lb"},{"mainCategory":"Produce","categoryName":"Greens","subCategoryName":"Specialty Greens","title":"Organic Broccoli Rabe","producer":"Coke Farms","photoPath":"https://goodeggs4.imgix.net/664083bf-455a-4d9f-b3a2-20fa22503b00.jpg?w=380&h=238&fm=jpg&auto=compress&fit=crop","price":"2.49","pricePer":"$4.98 / lb","purchaseUnit":"1 bunch"},{"mainCategory":"Produce","categoryName":"Greens","subCategoryName":"Specialty Greens","title":"Organic Green Chard","producer":"Happy Boy Farms","photoPath":"https://goodeggs4.imgix.net/7efd01b2-7c45-11eb-9180-134c133f9914?w=380&h=238&fm=jpg&auto=compress&fit=crop","price":"1.99","pricePer":"$2.65 / lb","purchaseUnit":"1 bunch"},{"mainCategory":"Produce","categoryName":"Greens","subCategoryName":"Specialty Greens","title":"Organic Rainbow Chard","producer":"Eatwell Farm","photoPath":"https://goodeggs4.imgix.net/7efd01b0-7c45-11eb-9180-134c133f9914?w=380&h=238&fm=jpg&auto=compress&fit=crop","price":"2.49","pricePer":"$4.98 / lb","purchaseUnit":"1 bunch"},{"mainCategory":"Produce","categoryName":"Greens","subCategoryName":"Specialty Greens","title":"Organic Belgian Endives","producer":"California Endive Farms","photoPath":"https://goodeggs4.imgix.net/5de91832-d870-430f-b688-b258b394b58d.jpg?w=380&h=238&fm=jpg&auto=compress&fit=crop","price":"3.49","pricePer":"$6.98 / lb","purchaseUnit":"0.5 lb"},{"mainCategory":"Produce","categoryName":"Greens","subCategoryName":"Specialty Greens","title":"Organic Shungiku","producer":"Hikari Farms","photoPath":"https://goodeggs4.imgix.net/669fc54d-1f40-41c7-bc82-967cddab07db.jpg?w=380&h=238&fm=jpg&auto=compress&fit=crop","price":"3.49","pricePer":"$11.63 / lb","purchaseUnit":"1 bunch"},{"mainCategory":"Produce","categoryName":"Greens","subCategoryName":"Specialty Greens","title":"Organic Braising Mix","producer":"Oya Organics","photoPath":"https://goodeggs4.imgix.net/c8c1f702-6a91-410e-a58d-fe6310b8a4f1.jpg?w=380&h=238&fm=jpg&auto=compress&fit=crop","price":"3.49","pricePer":"$6.98 / lb","purchaseUnit":"0.5 lb"},{"mainCategory":"Produce","categoryName":"Greens","subCategoryName":"Specialty Greens","title":"Organic Collard Greens","producer":"Oya Organics","photoPath":"https://goodeggs4.imgix.net/14131b07-0436-4c99-bf72-70b545da52af.jpg?w=380&h=238&fm=jpg&auto=compress&fit=crop","price":"1.99","pricePer":"$2.65 / lb","purchaseUnit":"1 bunch"},{"mainCategory":"Produce","categoryName":"Greens","subCategoryName":"Specialty Greens","title":"Organic Collard Greens","producer":"Eatwell Farm","photoPath":"https://goodeggs4.imgix.net/9aea3040-de5c-443b-be8e-68c33a7a5f01.jpg?w=380&h=238&fm=jpg&auto=compress&fit=crop","price":"2.49","pricePer":"$4.98 / lb","purchaseUnit":"1 bunch"},{"mainCategory":"Produce","categoryName":"Greens","subCategoryName":"Specialty Greens","title":"Aquaponic Collard Greens","producer":"Ouroboros Farms","photoPath":"https://goodeggs4.imgix.net/62068f43-1944-4c05-bb3f-0c9470932afd.jpg?w=380&h=238&fm=jpg&auto=compress&fit=crop","price":"3.49","pricePer":"$6.98 / lb","purchaseUnit":"1 bunch"},{"mainCategory":"Produce","categoryName":"Greens","subCategoryName":"Specialty Greens","title":"Organic Dandelion Greens","producer":"From Our Farmers","photoPath":"https://goodeggs4.imgix.net/d58d06fc-8a96-405c-bdec-3f7e31d75eaa.jpg?w=380&h=238&fm=jpg&auto=compress&fit=crop","price":"1.99","pricePer":"$4.97 / lb","purchaseUnit":"1 bunch"},{"mainCategory":"Produce","categoryName":"Greens","subCategoryName":"Specialty Greens","title":"Aquaponic Dandelion Greens","producer":"Ouroboros Farms","photoPath":"https://goodeggs4.imgix.net/be2ce141-dbfd-4fe7-ab09-cf6076aa34d2.jpg?w=380&h=238&fm=jpg&auto=compress&fit=crop","price":"3.49","pricePer":"$11.63 / lb","purchaseUnit":"1 bunch"},{"mainCategory":"Produce","categoryName":"Greens","subCategoryName":"Specialty Greens","title":"Organic Komatsuna Greens","producer":"Hikari Farms","photoPath":"https://goodeggs4.imgix.net/a8659307-a417-4ff3-af9c-616f1ef16150.jpg?w=380&h=238&fm=jpg&auto=compress&fit=crop","price":"3.49","pricePer":"$11.63 / lb","purchaseUnit":"1 bunch"},{"mainCategory":"Produce","categoryName":"Greens","subCategoryName":"Specialty Greens","title":"Organic Mizuna Greens","producer":"Hikari Farms","photoPath":"https://goodeggs4.imgix.net/036958a6-4495-4b8e-9858-104aeb4c43ef.jpg?w=380&h=238&fm=jpg&auto=compress&fit=crop","price":"3.49","pricePer":"$11.63 / lb","purchaseUnit":"1 bunch"},{"mainCategory":"Produce","categoryName":"Greens","subCategoryName":"Specialty Greens","title":"Organic Mustard Greens","producer":"From Our Farmers","photoPath":"https://goodeggs4.imgix.net/865a172c-3674-48be-955e-e85616386e41.jpg?w=380&h=238&fm=jpg&auto=compress&fit=crop","price":"2.29","pricePer":"$5.72 / lb","purchaseUnit":"1 bunch"},{"mainCategory":"Produce","categoryName":"Greens","subCategoryName":"Specialty Greens","title":"Aquaponic Red Watercress","producer":"Ouroboros Farms","photoPath":"https://goodeggs4.imgix.net/e06adf52-7cd6-4a91-86c1-0aa159419bb9.jpg?w=380&h=238&fm=jpg&auto=compress&fit=crop","price":"3.49","pricePer":"$3.49 / oz","purchaseUnit":"1 oz"},{"mainCategory":"Produce","categoryName":"Greens","subCategoryName":"Sprouts & Microgreens","title":"Organic Salad Mix","producer":"New Natives","photoPath":"https://goodeggs4.imgix.net/8c68e27f-dd06-4982-8fbf-9599e918558e.jpg?w=380&h=238&fm=jpg&auto=compress&fit=crop","price":"4.99","pricePer":"$1.24 / oz","purchaseUnit":"4 oz"},{"mainCategory":"Produce","categoryName":"Greens","subCategoryName":"Sprouts & Microgreens","title":"Organic Sunflower Greens","producer":"New Natives","photoPath":"https://goodeggs4.imgix.net/5d825e7e-ac2c-41b4-8c1d-f56530531a75.jpg?w=380&h=238&fm=jpg&auto=compress&fit=crop","price":"4.99","pricePer":"$1.24 / oz","purchaseUnit":"4 oz"},{"mainCategory":"Produce","categoryName":"Greens","subCategoryName":"Sprouts & Microgreens","title":"Organic Alfalfa Sprouts","producer":"From Our Farmers","photoPath":"https://goodeggs4.imgix.net/074ba134-ba57-4ac2-9517-b0cba13b2a33.jpg?w=380&h=238&fm=jpg&auto=compress&fit=crop","price":"2.79","pricePer":"$0.69 / oz","purchaseUnit":"4 oz"},{"mainCategory":"Produce","categoryName":"Greens","subCategoryName":"Sprouts & Microgreens","title":"Organic Micro Mix","producer":"New Natives","photoPath":"https://goodeggs4.imgix.net/e80ea833-b8f5-4c3b-8b0e-08ccaacb238b.jpg?w=380&h=238&fm=jpg&auto=compress&fit=crop","price":"4.99","pricePer":"$1.99 / oz","purchaseUnit":"2.5 oz"},{"mainCategory":"Produce","categoryName":"Greens","subCategoryName":"Sprouts & Microgreens","title":"Organic Micro Radish","producer":"New Natives","photoPath":"https://goodeggs4.imgix.net/5a44d50e-d97d-4fa1-bc56-c4cf9f5b7aef.jpg?w=380&h=238&fm=jpg&auto=compress&fit=crop","price":"4.79","pricePer":"$1.91 / oz","purchaseUnit":"2.5 oz"},{"mainCategory":"Produce","categoryName":"Greens","subCategoryName":"Sprouts & Microgreens","title":"Organic Mung Bean Sprouts","producer":"From Our Farmers","photoPath":"https://goodeggs4.imgix.net/092866c5-56c4-403a-9426-ad7accf041fc.jpg?w=380&h=238&fm=jpg&auto=compress&fit=crop","price":"2.99","pricePer":"$0.33 / oz","purchaseUnit":"9 oz"},{"mainCategory":"Produce","categoryName":"Greens","subCategoryName":"Sprouts & Microgreens","title":"Organic Pea Shoots Bulk","producer":"New Natives","photoPath":"https://goodeggs4.imgix.net/b583f46f-7047-4c2c-8f3a-34e25c8e4fc9.jpg?w=380&h=238&fm=jpg&auto=compress&fit=crop","price":"11.99","pricePer":"$0.74 / oz","purchaseUnit":"16 oz"},{"mainCategory":"Produce","categoryName":"Greens","subCategoryName":"Sprouts & Microgreens","title":"Organic Pea Shoots","producer":"New Natives","photoPath":"https://goodeggs4.imgix.net/5c6a9861-9779-493a-9f02-43931a794273.jpg?w=380&h=238&fm=jpg&auto=compress&fit=crop","price":"3.99","pricePer":"$1.99 / oz","purchaseUnit":"2 oz"},{"mainCategory":"Produce","categoryName":"Greens","subCategoryName":"Sprouts & Microgreens","title":"Organic Pea Shoots","producer":"New Natives","photoPath":"https://goodeggs4.imgix.net/0b3295a1-c5fb-4c26-baea-f86aba646116.jpg?w=380&h=238&fm=jpg&auto=compress&fit=crop","price":"4.99","pricePer":"$1.24 / oz","purchaseUnit":"4 oz"},{"mainCategory":"Produce","categoryName":"Greens","subCategoryName":"Sprouts & Microgreens","title":"Organic Micro Arugula","producer":"New Natives","photoPath":"https://goodeggs4.imgix.net/533f775d-1173-4b64-894b-d17f66bd8637.jpg?w=380&h=238&fm=jpg&auto=compress&fit=crop","price":"4.99","pricePer":"$1.99 / oz","purchaseUnit":"2.5 oz"},{"mainCategory":"Produce","categoryName":"Greens","subCategoryName":"Sprouts & Microgreens","title":"Organic Micro Broccoli","producer":"New Natives","photoPath":"https://goodeggs4.imgix.net/2632f873-948f-4ab8-a66b-5dc92bb7a4e1.jpg?w=380&h=238&fm=jpg&auto=compress&fit=crop","price":"4.99","pricePer":"$1.99 / oz","purchaseUnit":"2.5 oz"},{"mainCategory":"Produce","categoryName":"Greens","subCategoryName":"Sprouts & Microgreens","title":"Bulk Organic Cut Wheatgrass","producer":"New Natives","photoPath":"https://goodeggs4.imgix.net/4ec144c5-b63c-44ad-994d-6e12abb26594.jpg?w=380&h=238&fm=jpg&auto=compress&fit=crop","price":"10.99","pricePer":"$0.68 / oz","purchaseUnit":"16 oz"},{"mainCategory":"Produce","categoryName":"Mushrooms","subCategoryName":"Fresh Mushrooms","title":"Organic Maitake Frondosa (Hen of the Woods) Mushrooms","producer":"Gourmet Mushrooms Inc.","photoPath":"https://goodeggs4.imgix.net/39a95793-dbb4-4e28-9344-8514d6e16913.jpg?w=380&h=238&fm=jpg&auto=compress&fit=crop","price":"15.99","pricePer":"$15.99 / lb","purchaseUnit":"16 oz"},{"mainCategory":"Produce","categoryName":"Mushrooms","subCategoryName":"Fresh Mushrooms","title":"Organic Maitake Frondosa (Hen of the Woods) Mushrooms","producer":"Gourmet Mushrooms Inc.","photoPath":"https://goodeggs4.imgix.net/434d4cf5-a53d-4718-99ff-91b0a5f1aa8b.jpg?w=380&h=238&fm=jpg&auto=compress&fit=crop","price":"4.99","pricePer":"$19.96 / lb","purchaseUnit":"4 oz"},{"mainCategory":"Produce","categoryName":"Mushrooms","subCategoryName":"Fresh Mushrooms","title":"Organic Large Maitake Frondosa (Hen of the Woods) Mushrooms","producer":"Gourmet Mushrooms Inc.","photoPath":"https://goodeggs4.imgix.net/210230cc-f626-4fd5-81f8-3a505b9758ab.jpg?w=380&h=238&fm=jpg&auto=compress&fit=crop","price":"8.99","pricePer":"$17.98 / lb","purchaseUnit":"8 oz"},{"mainCategory":"Produce","categoryName":"Mushrooms","subCategoryName":"Fresh Mushrooms","title":"Fresh Organic Shiitake Mushrooms","producer":"Far West Mushrooms","photoPath":"https://goodeggs4.imgix.net/40fe4988-d562-4f5f-a504-0a03e9352cf6.jpg?w=380&h=238&fm=jpg&auto=compress&fit=crop","price":"5.99","pricePer":"$15.97 / lb","purchaseUnit":"6 oz"},{"mainCategory":"Produce","categoryName":"Mushrooms","subCategoryName":"Fresh Mushrooms","title":"Organic Baby Bella Cremini Mushrooms","producer":"Monterey Mushrooms","photoPath":"https://goodeggs4.imgix.net/aea8164c-3dc2-4428-8b49-040d61ab1146.jpg?w=380&h=238&fm=jpg&auto=compress&fit=crop","price":"3.99","pricePer":"$7.98 / lb","purchaseUnit":"8 oz"},{"mainCategory":"Produce","categoryName":"Mushrooms","subCategoryName":"Fresh Mushrooms","title":"Organic Sliced Cremini Mushrooms","producer":"Monterey Mushrooms","photoPath":"https://goodeggs4.imgix.net/3215b28c-9801-4562-8bc5-3791f31d0246.jpg?w=380&h=238&fm=jpg&auto=compress&fit=crop","price":"3.99","pricePer":"$7.98 / lb","purchaseUnit":"8 oz"},{"mainCategory":"Produce","categoryName":"Mushrooms","subCategoryName":"Fresh Mushrooms","title":"Organic Trumpet Royale (King Trumpet) Mushrooms","producer":"Gourmet Mushrooms Inc.","photoPath":"https://goodeggs4.imgix.net/aa5e32d4-1b72-49d7-9ff8-a5e642613f40.jpg?w=380&h=238&fm=jpg&auto=compress&fit=crop","price":"3.99","pricePer":"$15.96 / lb","purchaseUnit":"4 oz"},{"mainCategory":"Produce","categoryName":"Mushrooms","subCategoryName":"Fresh Mushrooms","title":"Organic Trumpet Royale (King Trumpet) Mushrooms","producer":"Gourmet Mushrooms Inc.","photoPath":"https://goodeggs4.imgix.net/34d537bf-b0d8-409b-b670-501388ba4686.jpg?w=380&h=238&fm=jpg&auto=compress&fit=crop","price":"6.99","pricePer":"$13.98 / lb","purchaseUnit":"8 oz"},{"mainCategory":"Produce","categoryName":"Mushrooms","subCategoryName":"Fresh Mushrooms","title":"Fresh Organic Tree Oyster Mushrooms","producer":"Far West Mushrooms","photoPath":"https://goodeggs4.imgix.net/c3eb3a53-15a7-46f2-92b7-b82aa819c136.jpg?w=380&h=238&fm=jpg&auto=compress&fit=crop","price":"4.99","pricePer":"$13.30 / lb","purchaseUnit":"6 oz"},{"mainCategory":"Produce","categoryName":"Mushrooms","subCategoryName":"Fresh Mushrooms","title":"Organic Tri-Mix Medley","producer":"Gourmet Mushrooms Inc.","photoPath":"https://goodeggs4.imgix.net/8846810b-d064-4200-9538-0bb4f61878dd.jpg?w=380&h=238&fm=jpg&auto=compress&fit=crop","price":"6.99","pricePer":"$13.98 / lb","purchaseUnit":"8 oz"},{"mainCategory":"Produce","categoryName":"Mushrooms","subCategoryName":"Fresh Mushrooms","title":"Fresh Organic Lion's Mane Mushrooms","producer":"Far West Mushrooms","photoPath":"https://goodeggs4.imgix.net/7fe592e4-4c74-45dc-bc06-743178ad8135.jpg?w=380&h=238&fm=jpg&auto=compress&fit=crop","price":"5.99","pricePer":"$0.99 / oz","purchaseUnit":"6 oz"},{"mainCategory":"Produce","categoryName":"Mushrooms","subCategoryName":"Fresh Mushrooms","title":"Organic Brown Clamshell (Brown Beech) Mushrooms","producer":"Gourmet Mushrooms Inc.","photoPath":"https://goodeggs4.imgix.net/0c79c5e4-41ff-4023-ac7d-70c7f83586f7.jpg?w=380&h=238&fm=jpg&auto=compress&fit=crop","price":"3.99","pricePer":"$15.96 / lb","purchaseUnit":"4 oz"},{"mainCategory":"Produce","categoryName":"Mushrooms","subCategoryName":"Fresh Mushrooms","title":"Organic Forest Nameko Mushrooms","producer":"Gourmet Mushrooms Inc.","photoPath":"https://goodeggs4.imgix.net/c27a9f16-6ec0-47d6-8dc5-3873a4620c32.jpg?w=380&h=238&fm=jpg&auto=compress&fit=crop","price":"3.99","pricePer":"$15.96 / lb","purchaseUnit":"4 oz"},{"mainCategory":"Produce","categoryName":"Mushrooms","subCategoryName":"Fresh Mushrooms","title":"Organic Alba Clamshell (White Beech) Mushrooms","producer":"Gourmet Mushrooms Inc.","photoPath":"https://goodeggs4.imgix.net/284c2d26-c265-4153-8ff3-a6ecb994e549.jpg?w=380&h=238&fm=jpg&auto=compress&fit=crop","price":"3.99","pricePer":"$15.96 / lb","purchaseUnit":"4 oz"},{"mainCategory":"Produce","categoryName":"Mushrooms","subCategoryName":"Fresh Mushrooms","title":"Large Organic Chef's Sampler","producer":"Gourmet Mushrooms Inc.","photoPath":"https://goodeggs4.imgix.net/04730469-781a-48c5-bffe-730403d37475.jpg?w=380&h=238&fm=jpg&auto=compress&fit=crop","price":"12.99","pricePer":"$12.99 / lb","purchaseUnit":"16 oz"},{"mainCategory":"Produce","categoryName":"Mushrooms","subCategoryName":"Fresh Mushrooms","title":"Organic Chef's Sampler","producer":"Gourmet Mushrooms Inc.","photoPath":"https://goodeggs4.imgix.net/50c39b1a-12f3-45ef-9756-094ae2797865.jpg?w=380&h=238&fm=jpg&auto=compress&fit=crop","price":"7.99","pricePer":"$15.98 / lb","purchaseUnit":"8 oz"},{"mainCategory":"Produce","categoryName":"Mushrooms","subCategoryName":"Fresh Mushrooms","title":"Organic Velvet Pioppini (Black Poplar) Mushrooms","producer":"Gourmet Mushrooms Inc.","photoPath":"https://goodeggs4.imgix.net/36702cbf-ea51-4375-a341-97b66880377d.jpg?w=380&h=238&fm=jpg&auto=compress&fit=crop","price":"3.99","pricePer":"$15.96 / lb","purchaseUnit":"4 oz"},{"mainCategory":"Produce","categoryName":"Mushrooms","subCategoryName":"Fresh Mushrooms","title":"Organic Portabella Mushrooms","producer":"Monterey Mushrooms","photoPath":"https://goodeggs4.imgix.net/8e2b4023-d5ea-47b3-af01-fe841e19df8f.jpg?w=380&h=238&fm=jpg&auto=compress&fit=crop","price":"5.99","pricePer":"$0.74 / oz","purchaseUnit":"8 oz"},{"mainCategory":"Produce","categoryName":"Mushrooms","subCategoryName":"Fresh Mushrooms","title":"Organic White Button Mushrooms","producer":"Monterey Mushrooms","photoPath":"https://goodeggs4.imgix.net/aaabd459-f9ba-41b1-a07b-5d1403309709.jpg?w=380&h=238&fm=jpg&auto=compress&fit=crop","price":"3.79","pricePer":"$7.58 / lb","purchaseUnit":"8 oz"},{"mainCategory":"Produce","categoryName":"Mushrooms","subCategoryName":"Fresh Mushrooms","title":"Organic Sliced White Button Mushrooms","producer":"Monterey Mushrooms","photoPath":"https://goodeggs4.imgix.net/3d931035-67a4-4f7d-bef4-d02975506341.jpg?w=380&h=238&fm=jpg&auto=compress&fit=crop","price":"3.79","pricePer":"$7.58 / lb","purchaseUnit":"8 oz"},{"mainCategory":"Produce","categoryName":"Mushrooms","subCategoryName":"Fresh Mushrooms","title":"Sliced Portabella Mushrooms","producer":"Healthy Food Inc. Kitchen","photoPath":"https://goodeggs4.imgix.net/dd1bdf80-8d9f-11eb-9180-134c133f9914?w=380&h=238&fm=jpg&auto=compress&fit=crop","price":"7.99","pricePer":"$1.33 / oz","purchaseUnit":"6 oz"},{"mainCategory":"Produce","categoryName":"Mushrooms","subCategoryName":"Dried Mushrooms","title":"Shiitake Mushroom Jerky","producer":"Far West Mushrooms","photoPath":"https://goodeggs4.imgix.net/12a68cb0-fe45-4659-9816-a6994cdca192.jpg?w=380&h=238&fm=jpg&auto=compress&fit=crop","price":"8.79","pricePer":"$4.39 / oz","purchaseUnit":"2 oz"},{"mainCategory":"Produce","categoryName":"Mushrooms","subCategoryName":"Dried Mushrooms","title":"Dried Porcini Mushrooms","producer":"Wine Forest","photoPath":"https://goodeggs4.imgix.net/69a60143-b90e-4088-a685-bb28abe1df12.jpg?w=380&h=238&fm=jpg&auto=compress&fit=crop","price":"10.99","pricePer":"$7.79 / oz","purchaseUnit":"1.41 oz"},{"mainCategory":"Produce","categoryName":"Mushrooms","subCategoryName":"Dried Mushrooms","title":"Organic Dried Shiitake Mushrooms","producer":"Far West Mushrooms","photoPath":"https://goodeggs4.imgix.net/278d11a0-902e-4369-8695-920caf3a1822.jpg?w=380&h=238&fm=jpg&auto=compress&fit=crop","price":"5.99","pricePer":"$5.99 / oz","purchaseUnit":"1 oz"},{"mainCategory":"Produce","categoryName":"Mushrooms","subCategoryName":"Dried Mushrooms","title":"Spicy Tree Oyster Mushroom Jerky","producer":"Far West Mushrooms","photoPath":"https://goodeggs4.imgix.net/bf8adeb2-efdc-4a68-85c4-041fbe4bce0f.jpg?w=380&h=238&fm=jpg&auto=compress&fit=crop","price":"8.79","pricePer":"$4.39 / oz","purchaseUnit":"2 oz"},{"mainCategory":"Produce","categoryName":"Mushrooms","subCategoryName":"Dried Mushrooms","title":"Dried Porcini Mushrooms","producer":"Wine Forest","photoPath":"https://goodeggs4.imgix.net/9edde404-8401-46db-9a3b-b2f04cedb1ea.jpg?w=380&h=238&fm=jpg&auto=compress&fit=crop","price":"8.49","pricePer":"$10.61 / oz","purchaseUnit":"0.8 oz"},{"mainCategory":"Produce","categoryName":"Mushrooms","subCategoryName":"Dried Mushrooms","title":"Dried Wild Morel Mushrooms","producer":"Wine Forest","photoPath":"https://goodeggs4.imgix.net/bd0ada62-db80-4016-b4d7-8e2f7e9ba82d.jpg?w=380&h=238&fm=jpg&auto=compress&fit=crop","price":"15.99","pricePer":"$17.76 / oz","purchaseUnit":"0.9 oz"},{"mainCategory":"Produce","categoryName":"Mushrooms","subCategoryName":"Dried Mushrooms","title":"Organic Dried Wood Ear Mushrooms","producer":"Far West Mushrooms","photoPath":"https://goodeggs4.imgix.net/93cfb302-e65b-4319-89a3-200d9a0c8b25.jpg?w=380&h=238&fm=jpg&auto=compress&fit=crop","price":"5.99","pricePer":"$5.99 / oz","purchaseUnit":"1 oz"},{"mainCategory":"Produce","categoryName":"Mushrooms","subCategoryName":"Dried Mushrooms","title":"Dried Chanterelles","producer":"Wine Forest","photoPath":"https://goodeggs4.imgix.net/d3dbe29d-697d-4af3-8506-9030c1388231.jpg?w=380&h=238&fm=jpg&auto=compress&fit=crop","price":"8.99","pricePer":"$9.36 / oz","purchaseUnit":"0.96 oz"},{"mainCategory":"Produce","categoryName":"Mushrooms","subCategoryName":"Dried Mushrooms","title":"Organic Dried Maitake Mushrooms","producer":"Far West Mushrooms","photoPath":"https://goodeggs4.imgix.net/c4e58ab8-310f-4fe0-83c9-bec81ab8fda1.jpg?w=380&h=238&fm=jpg&auto=compress&fit=crop","price":"5.99","pricePer":"$5.99 / oz","purchaseUnit":"1 oz"},{"mainCategory":"Produce","categoryName":"Mushrooms","subCategoryName":"Dried Mushrooms","title":"Dried Chanterelles","producer":"Wine Forest","photoPath":"https://goodeggs4.imgix.net/0c2cae57-e708-4f10-ba7a-4f09fac01c67.jpg?w=380&h=238&fm=jpg&auto=compress&fit=crop","price":"13.49","pricePer":"$7.02 / oz","purchaseUnit":"1.92 oz"},{"mainCategory":"Produce","categoryName":"Potatoes & Beets","subCategoryName":"Potatoes","title":"Organic Small New Yellow Finn Potatoes","producer":"Full Belly Farm","photoPath":"https://goodeggs4.imgix.net/6ec66cf9-0ad1-4c6d-9b1d-44bddf339d8c.jpg?w=380&h=238&fm=jpg&auto=compress&fit=crop","price":"4.79","pricePer":"$4.79 / lb","purchaseUnit":"1 lb"},{"mainCategory":"Produce","categoryName":"Potatoes & Beets","subCategoryName":"Potatoes","title":"Organic New French Fingerling Potatoes","producer":"Full Belly Farm","photoPath":"https://goodeggs4.imgix.net/0733910b-3284-460d-bbd7-e2ac99bcaa9a.jpg?w=380&h=238&fm=jpg&auto=compress&fit=crop","price":"4.79","pricePer":"$4.79 / lb","purchaseUnit":"1 lb"},{"mainCategory":"Produce","categoryName":"Potatoes & Beets","subCategoryName":"Potatoes","title":"Organic New Russian Banana Fingerling Potatoes","producer":"Full Belly Farm","photoPath":"https://goodeggs4.imgix.net/50e8ff63-1c84-4634-97dd-f67e1c8111ec.jpg?w=380&h=238&fm=jpg&auto=compress&fit=crop","price":"4.79","pricePer":"$4.79 / lb","purchaseUnit":"1 lb"},{"mainCategory":"Produce","categoryName":"Potatoes & Beets","subCategoryName":"Potatoes","title":"Organic New All Blue Potatoes","producer":"Full Belly Farm","photoPath":"https://goodeggs4.imgix.net/0baee792-450a-4519-a707-8746bb8d199f.jpg?w=380&h=238&fm=jpg&auto=compress&fit=crop","price":"4.79","pricePer":"$4.79 / lb","purchaseUnit":"1 lb"},{"mainCategory":"Produce","categoryName":"Potatoes & Beets","subCategoryName":"Potatoes","title":"Organic Red Potatoes","producer":"From Our Farmers","photoPath":"https://goodeggs4.imgix.net/102519bb-66b2-413a-9ae8-051427db182f.jpg?w=380&h=238&fm=jpg&auto=compress&fit=crop","price":"2.49","pricePer":"$2.49 / lb","purchaseUnit":"1 lb"},{"mainCategory":"Produce","categoryName":"Potatoes & Beets","subCategoryName":"Potatoes","title":"Bulk Organic Red Potatoes","producer":"From Our Farmers","photoPath":"https://goodeggs4.imgix.net/bbe1bdd7-ec4b-4043-bc77-a2b024b8a827.jpg?w=380&h=238&fm=jpg&auto=compress&fit=crop","price":"6.99","pricePer":"$1.39 / lb","purchaseUnit":"5 lb"},{"mainCategory":"Produce","categoryName":"Potatoes & Beets","subCategoryName":"Potatoes","title":"Organic Russet Potato","producer":"From Our Farmers","photoPath":"https://goodeggs4.imgix.net/64eb5e8a-24ee-419d-9113-3c30cfa91be7.jpg?w=380&h=238&fm=jpg&auto=compress&fit=crop","price":"0.89","pricePer":"$1.69 / lb","purchaseUnit":"1 count"},{"mainCategory":"Produce","categoryName":"Potatoes & Beets","subCategoryName":"Potatoes","title":"Bulk Organic Russet Potatoes","producer":"From Our Farmers","photoPath":"https://goodeggs4.imgix.net/6d4bda92-0efb-4d17-9770-b69a17648f3e.jpg?w=380&h=238&fm=jpg&auto=compress&fit=crop","price":"5.99","pricePer":"$1.19 / lb","purchaseUnit":"5 lb"},{"mainCategory":"Produce","categoryName":"Potatoes & Beets","subCategoryName":"Potatoes","title":"Organic Golden Potatoes","producer":"From Our Farmers","photoPath":"https://goodeggs4.imgix.net/2d5b6826-1052-4975-84fb-2f35cb1d5b19.jpg?w=380&h=238&fm=jpg&auto=compress&fit=crop","price":"2.49","pricePer":"$2.49 / lb","purchaseUnit":"1 lb"},{"mainCategory":"Produce","categoryName":"Potatoes & Beets","subCategoryName":"Potatoes","title":"Bulk Organic Yellow Potatoes","producer":"From Our Farmers","photoPath":"https://goodeggs4.imgix.net/bdba87a5-718d-458b-b36c-ca2e8cd46cee.jpg?w=380&h=238&fm=jpg&auto=compress&fit=crop","price":"6.99","pricePer":"$1.39 / lb","purchaseUnit":"5 lb"},{"mainCategory":"Produce","categoryName":"Potatoes & Beets","subCategoryName":"Potatoes","title":"Organic Garnet Sweet Potatoes","producer":"From Our Farmers","photoPath":"https://goodeggs4.imgix.net/99ab2e91-7515-4103-8ca5-da1a6953483f.jpg?w=380&h=238&fm=jpg&auto=compress&fit=crop","price":"2.29","pricePer":"$2.29 / lb","purchaseUnit":"1 lb"},{"mainCategory":"Produce","categoryName":"Potatoes & Beets","subCategoryName":"Potatoes","title":"Bulk Organic Garnet Sweet Potatoes","producer":"From Our Farmers","photoPath":"https://goodeggs4.imgix.net/46dc981d-d579-4f68-806e-ef2fc3446d92.jpg?w=380&h=238&fm=jpg&auto=compress&fit=crop","price":"5.99","pricePer":"$1.99 / lb","purchaseUnit":"3 lb"},{"mainCategory":"Produce","categoryName":"Potatoes & Beets","subCategoryName":"Potatoes","title":"Organic Stokes Purple Sweet Potatoes","producer":"From Our Farmers","photoPath":"https://goodeggs4.imgix.net/a9114a28-3513-41a2-a8b5-a9f757030b59.jpg?w=380&h=238&fm=jpg&auto=compress&fit=crop","price":"5.79","pricePer":"$2.89 / lb","purchaseUnit":"2 lb"},{"mainCategory":"Produce","categoryName":"Potatoes & Beets","subCategoryName":"Potatoes","title":"Organic Japanese Sweet Potatoes","producer":"From Our Farmers","photoPath":"https://goodeggs4.imgix.net/07127acf-5079-4468-bc9f-b7b97d5ddf5f.jpg?w=380&h=238&fm=jpg&auto=compress&fit=crop","price":"2.29","pricePer":"$2.29 / lb","purchaseUnit":"1 lb"},{"mainCategory":"Produce","categoryName":"Potatoes & Beets","subCategoryName":"Potatoes","title":"Bulk Organic Japanese Sweet Potatoes","producer":"From Our Farmers","photoPath":"https://goodeggs4.imgix.net/106b1c2f-2c9d-4193-8840-97891da049e5.jpg?w=380&h=238&fm=jpg&auto=compress&fit=crop","price":"5.99","pricePer":"$1.99 / lb","purchaseUnit":"3 lb"},{"mainCategory":"Produce","categoryName":"Potatoes & Beets","subCategoryName":"Potatoes","title":"Cubed Rainbow Sweet Potatoes","producer":"Healthy Food Inc. Kitchen","photoPath":"https://goodeggs4.imgix.net/9cbdc605-06fa-4b23-958a-75553eed5ae4.jpg?w=380&h=238&fm=jpg&auto=compress&fit=crop","price":"5.99","pricePer":"$0.59 / oz","purchaseUnit":"10 oz"},{"mainCategory":"Produce","categoryName":"Potatoes & Beets","subCategoryName":"Potatoes","title":"Halved Golden Potatoes","producer":"Healthy Food Inc. Kitchen","photoPath":"https://goodeggs4.imgix.net/a768c903-5a56-4233-bd14-1bc3fce94580.jpg?w=380&h=238&fm=jpg&auto=compress&fit=crop","price":"5.99","pricePer":"$5.99 / lb","purchaseUnit":"16 oz"},{"mainCategory":"Produce","categoryName":"Potatoes & Beets","subCategoryName":"Potatoes","title":"Potatoes & Herb Butter","producer":"Healthy Food Inc. Kitchen","photoPath":"https://goodeggs4.imgix.net/2db3dec0-81f7-11eb-9783-f3d67f42bb6b?w=380&h=238&fm=jpg&auto=compress&fit=crop","price":"5.99","pricePer":"$0.37 / oz","purchaseUnit":"16 oz"},{"mainCategory":"Produce","categoryName":"Potatoes & Beets","subCategoryName":"Beets","title":"Organic Bunched Gold Beets","producer":"Happy Boy Farms","photoPath":"https://goodeggs4.imgix.net/8212d7b4-6686-45bf-82b8-3bbb512b708a.jpg?w=380&h=238&fm=jpg&auto=compress&fit=crop","price":"2.49","pricePer":"$2.49 / lb","purchaseUnit":"1 bunch"},{"mainCategory":"Produce","categoryName":"Potatoes & Beets","subCategoryName":"Beets","title":"Organic Bunched Red Beets","producer":"Happy Boy Farms","photoPath":"https://goodeggs4.imgix.net/4c26d822-0059-4613-975d-753dfaf5677e.jpg?w=380&h=238&fm=jpg&auto=compress&fit=crop","price":"2.99","pricePer":"$2.99 / lb","purchaseUnit":"1 bunch"},{"mainCategory":"Produce","categoryName":"Potatoes & Beets","subCategoryName":"Beets","title":"Organic Loose Chioggia Beets","producer":"Coke Farm","photoPath":"https://goodeggs4.imgix.net/d585827c-4f59-4efc-9cda-e42728e7d360.jpg?w=380&h=238&fm=jpg&auto=compress&fit=crop","price":"2.99","pricePer":"$2.99 / lb","purchaseUnit":"1 lb"},{"mainCategory":"Produce","categoryName":"Potatoes & Beets","subCategoryName":"Beets","title":"Organic Gold Beets","producer":"Terra Firma Farm","photoPath":"https://goodeggs4.imgix.net/f8f54c64-ee58-4ef8-b3b5-b8f545bc9f07.jpg?w=380&h=238&fm=jpg&auto=compress&fit=crop","price":"2.99","pricePer":"$2.99 / lb","purchaseUnit":"1 lb"},{"mainCategory":"Produce","categoryName":"Potatoes & Beets","subCategoryName":"Beets","title":"Organic Red Beets","producer":"Terra Firma Farm","photoPath":"https://goodeggs4.imgix.net/36f1202e-3f20-4cca-8630-b2febb066ffc.jpg?w=380&h=238&fm=jpg&auto=compress&fit=crop","price":"2.99","pricePer":"$2.99 / lb","purchaseUnit":"1 lb"},{"mainCategory":"Produce","categoryName":"Potatoes & Beets","subCategoryName":"Beets","title":"Diced Mixed Beets","producer":"Healthy Food Inc. Kitchen","photoPath":"https://goodeggs4.imgix.net/0f167702-bd25-46f6-95c5-30bfe217de23.jpg?w=380&h=238&fm=jpg&auto=compress&fit=crop","price":"7.99","pricePer":"$0.79 / oz","purchaseUnit":"10 oz"},{"mainCategory":"Produce","categoryName":"Garlic & Onions","subCategoryName":"Garlic","title":"Organic Garlic Trio","producer":"From Our Farmers","photoPath":"https://goodeggs4.imgix.net/89d7daf4-da51-416c-b8a9-1fdc58db1fbc.jpg?w=380&h=238&fm=jpg&auto=compress&fit=crop","price":"2.99","pricePer":"$5.69 / lb","purchaseUnit":"3 count"},{"mainCategory":"Produce","categoryName":"Garlic & Onions","subCategoryName":"Garlic","title":"Organic Garlic","producer":"From Our Farmers","photoPath":"https://goodeggs4.imgix.net/49cf6b46-0bd5-4394-ab1a-d267a5c89a40.jpg?w=380&h=238&fm=jpg&auto=compress&fit=crop","price":"0.99","pricePer":"$5.65 / lb","purchaseUnit":"1 count"},{"mainCategory":"Produce","categoryName":"Garlic & Onions","subCategoryName":"Garlic","title":"Bulk Organic Garlic","producer":"From Our Farmers","photoPath":"https://goodeggs4.imgix.net/2ecc7c41-491f-49fa-bf83-69d119799bf8.jpg?w=380&h=238&fm=jpg&auto=compress&fit=crop","price":"7.99","pricePer":"$5.32 / lb","purchaseUnit":"10 count"},{"mainCategory":"Produce","categoryName":"Garlic & Onions","subCategoryName":"Garlic","title":"Organic Green Garlic","producer":"Knoll Farms","photoPath":"https://goodeggs4.imgix.net/75aac229-d841-43c4-bc40-94a533ef6ce6.jpg?w=380&h=238&fm=jpg&auto=compress&fit=crop","price":"4.99","pricePer":"$9.98 / lb","purchaseUnit":"0.5 lb"},{"mainCategory":"Produce","categoryName":"Garlic & Onions","subCategoryName":"Garlic","title":"Peeled Garlic","producer":"Healthy Food Inc. Kitchen","photoPath":"https://goodeggs4.imgix.net/b32520d1-eebc-4784-8130-9060b0a98d05.jpg?w=380&h=238&fm=jpg&auto=compress&fit=crop","price":"3.99","pricePer":"$0.99 / oz","purchaseUnit":"4 oz"},{"mainCategory":"Produce","categoryName":"Garlic & Onions","subCategoryName":"Garlic","title":"Organic Garlic Scapes","producer":"F.E.E.D. Sonoma","photoPath":"https://goodeggs4.imgix.net/a2d056d7-b8a9-443c-ba5b-9d0ae778266d.jpeg?w=380&h=238&fm=jpg&auto=compress&fit=crop","price":"4.99","pricePer":"$14.25 / lb","purchaseUnit":"1 bunch"},{"mainCategory":"Produce","categoryName":"Garlic & Onions","subCategoryName":"Onions","title":"Organic Leek","producer":"Coke Farm","photoPath":"https://goodeggs4.imgix.net/b58d8870-d296-4e0e-8d0e-46987d36d90f.jpg?w=380&h=238&fm=jpg&auto=compress&fit=crop","price":"1.29","pricePer":"$1.72 / lb","purchaseUnit":"1 count"},{"mainCategory":"Produce","categoryName":"Garlic & Onions","subCategoryName":"Onions","title":"Organic Leeks","producer":"Eatwell Farm","photoPath":"https://goodeggs4.imgix.net/f411d9e2-5702-42b4-9661-8570c5ceec30.jpg?w=380&h=238&fm=jpg&auto=compress&fit=crop","price":"2.79","pricePer":"$2.79 / lb","purchaseUnit":"1 bunch"},{"mainCategory":"Produce","categoryName":"Garlic & Onions","subCategoryName":"Onions","title":"Organic Red Torpedo Spring Onions","producer":"Riverdog Farm ","photoPath":"https://goodeggs4.imgix.net/b95e5d9c-2a03-4ba5-9b82-8d13ed03cf88.jpg?w=380&h=238&fm=jpg&auto=compress&fit=crop","price":"3.29","pricePer":"$6.58 / lb","purchaseUnit":"0.5 lb"},{"mainCategory":"Produce","categoryName":"Garlic & Onions","subCategoryName":"Onions","title":"Organic Calçot Spring Onion","producer":"F.E.E.D. Sonoma","photoPath":"https://goodeggs4.imgix.net/fc0a91b5-0efd-499f-9b80-213fae301d18.jpg?w=380&h=238&fm=jpg&auto=compress&fit=crop","price":"4.99","pricePer":"$9.98 / lb","purchaseUnit":"1 bunch"},{"mainCategory":"Produce","categoryName":"Garlic & Onions","subCategoryName":"Onions","title":"Organic White Spring Onions","producer":"Happy Boy Farms","photoPath":"https://goodeggs4.imgix.net/7f02ea57-e865-43b4-b7fa-e0b755d097d1.jpg?w=380&h=238&fm=jpg&auto=compress&fit=crop","price":"2.99","pricePer":"$5.98 / lb","purchaseUnit":"0.5 lb"},{"mainCategory":"Produce","categoryName":"Garlic & Onions","subCategoryName":"Onions","title":"Organic Large White Onion","producer":"From Our Farmers","photoPath":"https://goodeggs4.imgix.net/324da211-131f-410b-a403-e77e1995f6f3.jpg?w=380&h=238&fm=jpg&auto=compress&fit=crop","price":"1.29","pricePer":"$1.98 / lb","purchaseUnit":"1 count"},{"mainCategory":"Produce","categoryName":"Garlic & Onions","subCategoryName":"Onions","title":"Organic Large Yellow Onion","producer":"From Our Farmers","photoPath":"https://goodeggs4.imgix.net/b09c22e9-d208-4c51-8cdf-534e685e6190.jpg?w=380&h=238&fm=jpg&auto=compress&fit=crop","price":"1.29","pricePer":"$1.84 / lb","purchaseUnit":"1 count"},{"mainCategory":"Produce","categoryName":"Garlic & Onions","subCategoryName":"Onions","title":"Bulk Organic Yellow Onion","producer":"From Our Farmers","photoPath":"https://goodeggs4.imgix.net/b7ea48c4-010e-4780-bc22-101971b6ab14.jpg?w=380&h=238&fm=jpg&auto=compress&fit=crop","price":"4.99","pricePer":"$1.66 / lb","purchaseUnit":"3 lb"},{"mainCategory":"Produce","categoryName":"Garlic & Onions","subCategoryName":"Onions","title":"Organic Scallions","producer":"From Our Farmers","photoPath":"https://goodeggs4.imgix.net/ddbbaa96-57ae-41ac-ae65-9c9882989f0a.jpg?w=380&h=238&fm=jpg&auto=compress&fit=crop","price":"1.99","pricePer":"$7.96 / lb","purchaseUnit":"1 bunch"},{"mainCategory":"Produce","categoryName":"Garlic & Onions","subCategoryName":"Onions","title":"Organic Senmoto Negi Green Onion","producer":"Hikari Farms","photoPath":"https://goodeggs4.imgix.net/e39d1433-4ff5-44ce-9bd6-db4c6171eaca.jpg?w=380&h=238&fm=jpg&auto=compress&fit=crop","price":"3.49","pricePer":"$17.45 / lb","purchaseUnit":"1 bunch"},{"mainCategory":"Produce","categoryName":"Garlic & Onions","subCategoryName":"Onions","title":"Sliced Scallions","producer":"Healthy Food Inc. Kitchen","photoPath":"https://goodeggs4.imgix.net/d5ddc310-88e9-11eb-8ffc-b73267f90a16?w=380&h=238&fm=jpg&auto=compress&fit=crop","price":"3.99","pricePer":"$15.96 / lb","purchaseUnit":"4 oz"},{"mainCategory":"Produce","categoryName":"Garlic & Onions","subCategoryName":"Onions","title":"Leek Coins","producer":"Healthy Food Inc. Kitchen","photoPath":"https://goodeggs4.imgix.net/ef5477d2-3c00-49c4-954c-fe6405b1b7b7.jpg?w=380&h=238&fm=jpg&auto=compress&fit=crop","price":"4.99","pricePer":"$0.62 / oz","purchaseUnit":"8 oz"},{"mainCategory":"Produce","categoryName":"Garlic & Onions","subCategoryName":"Onions","title":"Diced Yellow Onions","producer":"Healthy Food Inc. Kitchen","photoPath":"https://goodeggs4.imgix.net/8ff19af9-f125-4260-95f9-d9ef25bc0f6b.jpg?w=380&h=238&fm=jpg&auto=compress&fit=crop","price":"3.99","pricePer":"$7.98 / lb","purchaseUnit":"8 oz"},{"mainCategory":"Produce","categoryName":"Garlic & Onions","subCategoryName":"Onions","title":"Diced Red Onion","producer":"Healthy Food Inc. Kitchen","photoPath":"https://goodeggs4.imgix.net/9b392197-2647-4575-8aad-eb6f44d1430d.jpg?w=380&h=238&fm=jpg&auto=compress&fit=crop","price":"3.99","pricePer":"$7.98 / lb","purchaseUnit":"8 oz"},{"mainCategory":"Produce","categoryName":"Garlic & Onions","subCategoryName":"Onions","title":"Organic Scallions (Mexico)","producer":"Josie's Organics","photoPath":"https://goodeggs4.imgix.net/ddbbaa96-57ae-41ac-ae65-9c9882989f0a.jpg?w=380&h=238&fm=jpg&auto=compress&fit=crop","price":"1.99","pricePer":"$7.96 / lb","purchaseUnit":"1 bunch"},{"mainCategory":"Produce","categoryName":"Herbs","subCategoryName":"Everyday Herbs","title":"Organic Chives","producer":"Eatwell Farm","photoPath":"https://goodeggs4.imgix.net/272b39ed-3919-4ac2-a253-a93a035d5289.jpg?w=380&h=238&fm=jpg&auto=compress&fit=crop","price":"2.79","pricePer":"$1.39 / oz","purchaseUnit":"1 bunch"},{"mainCategory":"Produce","categoryName":"Herbs","subCategoryName":"Everyday Herbs","title":"Pinch of Organic Chives","producer":"From Our Farmers","photoPath":"https://goodeggs4.imgix.net/bddca0bd-9a29-4a0b-b085-9186595dc75a.jpg?w=380&h=238&fm=jpg&auto=compress&fit=crop","price":"1.29","pricePer":"$5.16 / oz","purchaseUnit":"0.25 oz"},{"mainCategory":"Produce","categoryName":"Herbs","subCategoryName":"Everyday Herbs","title":"Aquaponic Living Chives","producer":"Ouroboros Farms","photoPath":"https://goodeggs4.imgix.net/48f1b687-ea49-4a19-be15-5ac990d2b909.jpg?w=380&h=238&fm=jpg&auto=compress&fit=crop","price":"3.29","pricePer":"$1.31 / oz","purchaseUnit":"1 bunch"},{"mainCategory":"Produce","categoryName":"Herbs","subCategoryName":"Everyday Herbs","title":"Pinch of Organic Cilantro","producer":"From Our Farmers","photoPath":"https://goodeggs4.imgix.net/489566a3-131e-4c51-acb6-e180d23b1abd.jpg?w=380&h=238&fm=jpg&auto=compress&fit=crop","price":"1.29","pricePer":"$5.16 / oz","purchaseUnit":"0.25 oz"},{"mainCategory":"Produce","categoryName":"Herbs","subCategoryName":"Everyday Herbs","title":"Organic Cilantro","producer":"Coke Farm","photoPath":"https://goodeggs4.imgix.net/b16cfabc-66ca-4adf-be95-5f2edcec1002.jpg?w=380&h=238&fm=jpg&auto=compress&fit=crop","price":"1.99","pricePer":"$0.49 / oz","purchaseUnit":"1 bunch"},{"mainCategory":"Produce","categoryName":"Herbs","subCategoryName":"Everyday Herbs","title":"Organic Dill","producer":"From Our Farmers","photoPath":"https://goodeggs4.imgix.net/3b6bd70e-044f-4503-a00f-f7ff27673e7c.jpg?w=380&h=238&fm=jpg&auto=compress&fit=crop","price":"2.49","pricePer":"$2.49 / oz","purchaseUnit":"1 bunch"},{"mainCategory":"Produce","categoryName":"Herbs","subCategoryName":"Everyday Herbs","title":"Pinch of Baby Dill","producer":"Jacobs Farm","photoPath":"https://goodeggs4.imgix.net/f371ebd4-d860-4bcd-8e73-d2e36bf4f79b.jpg?w=380&h=238&fm=jpg&auto=compress&fit=crop","price":"1.29","pricePer":"$5.16 / oz","purchaseUnit":"0.25 oz"},{"mainCategory":"Produce","categoryName":"Herbs","subCategoryName":"Everyday Herbs","title":"Organic Hawaiian Yellow Ginger","producer":"Kolo Kai Organic Farm","photoPath":"https://goodeggs4.imgix.net/c310385e-e58f-494c-a8a0-9a2844b0687d.jpg?w=380&h=238&fm=jpg&auto=compress&fit=crop","price":"2.99","pricePer":"$0.74 / oz","purchaseUnit":"4 oz"},{"mainCategory":"Produce","categoryName":"Herbs","subCategoryName":"Everyday Herbs","title":"Bulk Organic Hawaiian Yellow Ginger","producer":"Kolo Kai Organic Farm","photoPath":"https://goodeggs4.imgix.net/fde176f4-f2e1-4eac-aa1d-43d872413e4e.jpg?w=380&h=238&fm=jpg&auto=compress&fit=crop","price":"19.99","pricePer":"$0.62 / oz","purchaseUnit":"2 lb"},{"mainCategory":"Produce","categoryName":"Herbs","subCategoryName":"Everyday Herbs","title":"Organic Basil","producer":"Jacobs Farm","photoPath":"https://goodeggs4.imgix.net/6f0d462d-d5a5-41f2-858e-9174341a7298.jpg?w=380&h=238&fm=jpg&auto=compress&fit=crop","price":"2.79","pricePer":"$1.39 / oz","purchaseUnit":"1 bunch"},{"mainCategory":"Produce","categoryName":"Herbs","subCategoryName":"Everyday Herbs","title":"Organic Basil","producer":"Kenter Canyon Farms","photoPath":"https://goodeggs4.imgix.net/c30af288-dac5-4c7d-a020-71cdad2f6fac.jpg?w=380&h=238&fm=jpg&auto=compress&fit=crop","price":"2.79","pricePer":"$3.72 / oz","purchaseUnit":"0.75 oz"},{"mainCategory":"Produce","categoryName":"Herbs","subCategoryName":"Everyday Herbs","title":"Aquaponic Living Genovese Basil","producer":"Ouroboros Farms","photoPath":"https://goodeggs4.imgix.net/975a3a49-4bf9-40f7-89ec-22b736e1fb12.jpg?w=380&h=238&fm=jpg&auto=compress&fit=crop","price":"4.49","pricePer":"$2.24 / oz","purchaseUnit":"1 bunch"},{"mainCategory":"Produce","categoryName":"Herbs","subCategoryName":"Everyday Herbs","title":"Pinch of Organic Basil","producer":"From Our Farmers","photoPath":"https://goodeggs4.imgix.net/b39781e4-7f13-4784-996a-4c15073b6516.jpg?w=380&h=238&fm=jpg&auto=compress&fit=crop","price":"1.29","pricePer":"$5.16 / oz","purchaseUnit":"0.25 oz"},{"mainCategory":"Produce","categoryName":"Herbs","subCategoryName":"Everyday Herbs","title":"Organic Poultry Mix","producer":"Jacobs Farm","photoPath":"https://goodeggs4.imgix.net/a0e297c5-82c5-42d6-90d2-8995ff9affa0.jpg?w=380&h=238&fm=jpg&auto=compress&fit=crop","price":"2.99","pricePer":"$2.21 / oz","purchaseUnit":"1 bunch"},{"mainCategory":"Produce","categoryName":"Herbs","subCategoryName":"Everyday Herbs","title":"Organic Poultry Herb Blend","producer":"Kenter Canyon Farms","photoPath":"https://goodeggs4.imgix.net/c946f986-7a55-46f4-bad6-e988be8e9045.jpg?w=380&h=238&fm=jpg&auto=compress&fit=crop","price":"2.99","pricePer":"$3.98 / oz","purchaseUnit":"1 count"},{"mainCategory":"Produce","categoryName":"Herbs","subCategoryName":"Everyday Herbs","title":"Organic Pasta Herb Blend","producer":"Kenter Canyon Farms","photoPath":"https://goodeggs4.imgix.net/01cfdbe8-b0c6-4201-96c0-10c58b90cab3.jpg?w=380&h=238&fm=jpg&auto=compress&fit=crop","price":"3.29","pricePer":"$4.38 / oz","purchaseUnit":"1 count"},{"mainCategory":"Produce","categoryName":"Herbs","subCategoryName":"Everyday Herbs","title":"Organic Seafood Herb Blend","producer":"Kenter Canyon Farms","photoPath":"https://goodeggs4.imgix.net/3cced7ab-5b32-4986-85c8-8e4be7a6b8e7.jpg?w=380&h=238&fm=jpg&auto=compress&fit=crop","price":"3.29","pricePer":"$4.38 / oz","purchaseUnit":"1 count"},{"mainCategory":"Produce","categoryName":"Herbs","subCategoryName":"Everyday Herbs","title":"Organic Lemongrass","producer":"Jacobs Farm","photoPath":"https://goodeggs4.imgix.net/0c42c485-92ff-431b-a238-c3b9b80817f7.jpg?w=380&h=238&fm=jpg&auto=compress&fit=crop","price":"2.49","pricePer":"$1.24 / oz","purchaseUnit":"2 oz"},{"mainCategory":"Produce","categoryName":"Herbs","subCategoryName":"Everyday Herbs","title":"Organic Marjoram","producer":"From Our Farmers","photoPath":"https://goodeggs4.imgix.net/2570a140-f963-45cb-83bd-b0a737fda4a1.jpg?w=380&h=238&fm=jpg&auto=compress&fit=crop","price":"1.99","pricePer":"$1.99 / oz","purchaseUnit":"1 bunch"},{"mainCategory":"Produce","categoryName":"Herbs","subCategoryName":"Everyday Herbs","title":"Organic Spearmint","producer":"Jacobs Farm","photoPath":"https://goodeggs4.imgix.net/e55f5df5-5524-4343-ac81-fa64b99b8b55.jpg?w=380&h=238&fm=jpg&auto=compress&fit=crop","price":"1.99","pricePer":"$1.99 / oz","purchaseUnit":"1 bunch"},{"mainCategory":"Produce","categoryName":"Herbs","subCategoryName":"Everyday Herbs","title":"Organic Pinch of Mint","producer":"Jacobs Farm","photoPath":"https://goodeggs4.imgix.net/c2e8e946-089b-4e55-91a3-54c04d01e37e.jpg?w=380&h=238&fm=jpg&auto=compress&fit=crop","price":"1.29","pricePer":"$5.16 / oz","purchaseUnit":"0.25 oz"},{"mainCategory":"Produce","categoryName":"Herbs","subCategoryName":"Everyday Herbs","title":"Organic Oregano","producer":"From Our Farmers","photoPath":"https://goodeggs4.imgix.net/6f17b35d-1dfd-438b-a1a5-a6406054b07c.jpg?w=380&h=238&fm=jpg&auto=compress&fit=crop","price":"1.99","pricePer":"$1.99 / oz","purchaseUnit":"1 bunch"},{"mainCategory":"Produce","categoryName":"Herbs","subCategoryName":"Everyday Herbs","title":"Organic Pinch of Oregano","producer":"Jacobs Farm","photoPath":"https://goodeggs4.imgix.net/8c475bd8-012c-40d5-9322-4f4a261906bb.jpg?w=380&h=238&fm=jpg&auto=compress&fit=crop","price":"1.29","pricePer":"$8.60 / oz","purchaseUnit":"0.15 oz"},{"mainCategory":"Produce","categoryName":"Herbs","subCategoryName":"Everyday Herbs","title":"Organic Curly Parsley","producer":"From Our Farmers","photoPath":"https://goodeggs4.imgix.net/86a040b0-8e71-11eb-b501-af2be9b58b0f?w=380&h=238&fm=jpg&auto=compress&fit=crop","price":"1.99","pricePer":"$0.99 / oz","purchaseUnit":"1 bunch"},{"mainCategory":"Produce","categoryName":"Herbs","subCategoryName":"Everyday Herbs","title":"Organic Italian Flatleaf Parsley","producer":"Tomatero Farm","photoPath":"https://goodeggs4.imgix.net/918e71c8-0849-4799-bed3-4f0021fa3026.jpg?w=380&h=238&fm=jpg&auto=compress&fit=crop","price":"1.99","pricePer":"$0.49 / oz","purchaseUnit":"1 bunch"},{"mainCategory":"Produce","categoryName":"Herbs","subCategoryName":"Everyday Herbs","title":"Organic Pinch of Parsley","producer":"From Our Farmers","photoPath":"https://goodeggs4.imgix.net/99e79472-4762-4a36-a8a0-7ec0e81ad8ca.jpg?w=380&h=238&fm=jpg&auto=compress&fit=crop","price":"1.29","pricePer":"$5.16 / oz","purchaseUnit":"0.25 oz"},{"mainCategory":"Produce","categoryName":"Herbs","subCategoryName":"Everyday Herbs","title":"Organic Rosemary","producer":"Eatwell Farm","photoPath":"https://goodeggs4.imgix.net/229aacc8-bb4a-4c82-9961-8ecdb3ea0348.jpg?w=380&h=238&fm=jpg&auto=compress&fit=crop","price":"1.79","pricePer":"$1.79 / oz","purchaseUnit":"1 bunch"},{"mainCategory":"Produce","categoryName":"Herbs","subCategoryName":"Everyday Herbs","title":"Organic Tarragon","producer":"Kenter Canyon Farms","photoPath":"https://goodeggs4.imgix.net/b8a13722-6de6-46e6-84c9-626153f0f3c0.jpg?w=380&h=238&fm=jpg&auto=compress&fit=crop","price":"2.99","pricePer":"$3.98 / oz","purchaseUnit":"0.75 oz"},{"mainCategory":"Produce","categoryName":"Herbs","subCategoryName":"Everyday Herbs","title":"Organic Thyme","producer":"Knoll Farms","photoPath":"https://goodeggs4.imgix.net/10758393-4b1a-43fc-96f2-20ff6ddaed76.jpg?w=380&h=238&fm=jpg&auto=compress&fit=crop","price":"1.99","pricePer":"$1.99 / oz","purchaseUnit":"1 bunch"},{"mainCategory":"Produce","categoryName":"Herbs","subCategoryName":"Everyday Herbs","title":"Pinch of Organic Thyme","producer":"From Our Farmers","photoPath":"https://goodeggs4.imgix.net/8d32158b-ca9d-4844-bf76-d4462df23689.jpg?w=380&h=238&fm=jpg&auto=compress&fit=crop","price":"1.29","pricePer":"$5.16 / oz","purchaseUnit":"0.25 oz"},{"mainCategory":"Produce","categoryName":"Herbs","subCategoryName":"Everyday Herbs","title":"Aquaponic Red Watercress","producer":"Ouroboros Farms","photoPath":"https://goodeggs4.imgix.net/e06adf52-7cd6-4a91-86c1-0aa159419bb9.jpg?w=380&h=238&fm=jpg&auto=compress&fit=crop","price":"3.49","pricePer":"$3.49 / oz","purchaseUnit":"1 oz"},{"mainCategory":"Produce","categoryName":"Herbs","subCategoryName":"Everyday Herbs","title":"Organic Sage","producer":"Eatwell Farm","photoPath":"https://goodeggs4.imgix.net/4d3ea989-e60e-472c-8e95-c475ee0e544d.jpg?w=380&h=238&fm=jpg&auto=compress&fit=crop","price":"1.99","pricePer":"$0.99 / oz","purchaseUnit":"1 bunch"},{"mainCategory":"Produce","categoryName":"Herbs","subCategoryName":"Specialty Herbs","title":"Organic Herbal Bouquet","producer":"Bluma Farm","photoPath":"https://goodeggs4.imgix.net/2aa33561-1aaf-41f1-9d38-0c8b5c5f388d.jpg?w=380&h=238&fm=jpg&auto=compress&fit=crop","price":"19.99","pricePer":null,"purchaseUnit":"1 bunch"},{"mainCategory":"Produce","categoryName":"Herbs","subCategoryName":"Specialty Herbs","title":"Organic Bay Leaves","producer":"Eatwell Farm","photoPath":"https://goodeggs4.imgix.net/4abf166b-759c-40a7-91a9-fd7c7578f1e3.jpg?w=380&h=238&fm=jpg&auto=compress&fit=crop","price":"1.99","pricePer":null,"purchaseUnit":"1 bunch"},{"mainCategory":"Produce","categoryName":"Herbs","subCategoryName":"Specialty Herbs","title":"Organic Galangal (Thai Ginger)","producer":"Kolo Kai Organic Farm","photoPath":"https://goodeggs4.imgix.net/e567ec56-4c08-4ee4-878a-c78e4a273c26.jpg?w=380&h=238&fm=jpg&auto=compress&fit=crop","price":"7.99","pricePer":"$0.99 / oz","purchaseUnit":"8 oz"},{"mainCategory":"Produce","categoryName":"Herbs","subCategoryName":"Specialty Herbs","title":"Organic Thai Basil","producer":"Jacobs Farm","photoPath":"https://goodeggs4.imgix.net/ad29ac22-f6e4-4a1a-8e28-b64ffbc308db.jpg?w=380&h=238&fm=jpg&auto=compress&fit=crop","price":"2.49","pricePer":"$1.24 / oz","purchaseUnit":"1 bunch"},{"mainCategory":"Produce","categoryName":"Herbs","subCategoryName":"Specialty Herbs","title":"Organic Horseradish Root","producer":"Knoll Farms","photoPath":"https://goodeggs4.imgix.net/f2cfc5f6-2281-45aa-8391-e624c60003fe.jpg?w=380&h=238&fm=jpg&auto=compress&fit=crop","price":"4.99","pricePer":"$0.62 / oz","purchaseUnit":"0.5 lb"},{"mainCategory":"Produce","categoryName":"Herbs","subCategoryName":"Specialty Herbs","title":"Aquaponic Red Shiso","producer":"Ouroboros Farms","photoPath":"https://goodeggs4.imgix.net/c04759e3-14c4-46a8-bbdb-bec6177d2a1d.jpg?w=380&h=238&fm=jpg&auto=compress&fit=crop","price":"3.49","pricePer":"$2.32 / oz","purchaseUnit":"1.5 oz"},{"mainCategory":"Produce","categoryName":"Herbs","subCategoryName":"Specialty Herbs","title":"Aquaponic Shiso","producer":"Ouroboros Farms","photoPath":"https://goodeggs4.imgix.net/172c13db-2608-44dc-8bfc-6c2d8daba93b.jpg?w=380&h=238&fm=jpg&auto=compress&fit=crop","price":"3.49","pricePer":"$2.32 / oz","purchaseUnit":"1.5 oz"},{"mainCategory":"Produce","categoryName":"Herbs","subCategoryName":"Specialty Herbs","title":"Organic Lemon Thyme","producer":"Happy Boy Farms","photoPath":"https://goodeggs4.imgix.net/68715044-8686-48af-97d1-ce75375f620e.jpg?w=380&h=238&fm=jpg&auto=compress&fit=crop","price":"2.49","pricePer":"$2.49 / oz","purchaseUnit":"1 bunch"},{"mainCategory":"Produce","categoryName":"Herbs","subCategoryName":"Specialty Herbs","title":"Bulk Organic Hawaiian Turmeric","producer":"Kolo Kai Organic Farm","photoPath":"https://goodeggs4.imgix.net/dc95fc31-71b2-4274-a4c7-8a5de16dad38.jpg?w=380&h=238&fm=jpg&auto=compress&fit=crop","price":"27.99","pricePer":"$0.87 / oz","purchaseUnit":"2 lb"},{"mainCategory":"Produce","categoryName":"Herbs","subCategoryName":"Specialty Herbs","title":"Organic Wheatgrass Mini Pot","producer":"New Natives","photoPath":"https://goodeggs4.imgix.net/73f0832a-9d5f-4c35-8aa1-9c7982eb7f3e.jpg?w=380&h=238&fm=jpg&auto=compress&fit=crop","price":"2.99","pricePer":null,"purchaseUnit":"1 count"},{"mainCategory":"Produce","categoryName":"Bulk Produce","subCategoryName":"Bulk Fruits","title":"Bulk Organic Fuji Apples","producer":"From Our Farmers","photoPath":"https://goodeggs4.imgix.net/0fe9667b-52b6-47b9-881e-478d80f737fe.jpg?w=380&h=238&fm=jpg&auto=compress&fit=crop","price":"6.99","pricePer":"$2.33 / lb","purchaseUnit":"3 lb"},{"mainCategory":"Produce","categoryName":"Bulk Produce","subCategoryName":"Bulk Fruits","title":"Bulk Organic Gala Apples","producer":"From Our Farmers","photoPath":"https://goodeggs4.imgix.net/64cea133-f2a2-4f82-9f02-6b455eb82aa7.jpg?w=380&h=238&fm=jpg&auto=compress&fit=crop","price":"6.99","pricePer":"$2.33 / lb","purchaseUnit":"3 lb"},{"mainCategory":"Produce","categoryName":"Bulk Produce","subCategoryName":"Bulk Fruits","title":"Bulk Organic Granny Smith Apples","producer":"From Our Farmers","photoPath":"https://goodeggs4.imgix.net/258069cf-d801-4d08-bc6a-ac30e5cf17b0.jpg?w=380&h=238&fm=jpg&auto=compress&fit=crop","price":"6.99","pricePer":"$2.33 / lb","purchaseUnit":"3 lb"},{"mainCategory":"Produce","categoryName":"Bulk Produce","subCategoryName":"Bulk Fruits","title":"Bulk Organic Honeycrisp Apples","producer":"From Our Farmers","photoPath":"https://goodeggs4.imgix.net/8342409c-be6a-46a9-a652-16d6c9403022.jpg?w=380&h=238&fm=jpg&auto=compress&fit=crop","price":"11.99","pricePer":"$3.99 / lb","purchaseUnit":"3 lb"},{"mainCategory":"Produce","categoryName":"Bulk Produce","subCategoryName":"Bulk Fruits","title":"Case of Organic & Fair Trade Bananas (Ecuador)","producer":"Equal Exchange","photoPath":"https://goodeggs4.imgix.net/835a4622-0a6a-4501-b961-6133a5e8b489.jpg?w=380&h=238&fm=jpg&auto=compress&fit=crop","price":"29.99","pricePer":"$0.74 / lb","purchaseUnit":"40 lb"},{"mainCategory":"Produce","categoryName":"Bulk Produce","subCategoryName":"Bulk Fruits","title":"Flat of Organic Blueberries","producer":"Coastal Moon","photoPath":"https://goodeggs4.imgix.net/23bba010-8b52-11eb-9783-f3d67f42bb6b?w=380&h=238&fm=jpg&auto=compress&fit=crop","price":"50.99","pricePer":"$0.70 / oz","purchaseUnit":"4.5 lb"},{"mainCategory":"Produce","categoryName":"Bulk Produce","subCategoryName":"Bulk Fruits","title":"Bulk Organic Blueberries","producer":"Triple Delight Blueberries","photoPath":"https://goodeggs4.imgix.net/fee7b343-60de-41d3-a3df-755b66454060.jpg?w=380&h=238&fm=jpg&auto=compress&fit=crop","price":"99.99","pricePer":"$0.62 / oz","purchaseUnit":"10 lb"},{"mainCategory":"Produce","categoryName":"Bulk Produce","subCategoryName":"Bulk Fruits","title":"Bulk Organic Lemons","producer":"Fruit World Company","photoPath":"https://goodeggs4.imgix.net/b3fe477f-118c-4b07-a063-924fe6ea47ac.jpg?w=380&h=238&fm=jpg&auto=compress&fit=crop","price":"5.99","pricePer":"$2.99 / lb","purchaseUnit":"2 lb"},{"mainCategory":"Produce","categoryName":"Bulk Produce","subCategoryName":"Bulk Fruits","title":"Bulk Organic Meyer Lemons","producer":"From Our Farmers","photoPath":"https://goodeggs4.imgix.net/8973c0e1-dc12-46d2-a5b5-c215ffde4d38.jpg?w=380&h=238&fm=jpg&auto=compress&fit=crop","price":"12.99","pricePer":"$4.33 / lb","purchaseUnit":"3 lb"},{"mainCategory":"Produce","categoryName":"Bulk Produce","subCategoryName":"Bulk Fruits","title":"Bulk Organic Limes (Mexico)","producer":"Covilli Organics","photoPath":"https://goodeggs4.imgix.net/7c2810ed-43d2-4ac8-8fc8-b727396b491d.jpg?w=380&h=238&fm=jpg&auto=compress&fit=crop","price":"5.79","pricePer":"$2.89 / lb","purchaseUnit":"2 lb"},{"mainCategory":"Produce","categoryName":"Bulk Produce","subCategoryName":"Bulk Fruits","title":"Bulk Organic Seedless Golden Nugget Mandarins","producer":"Cliff McFarlin Family Farms","photoPath":"https://goodeggs4.imgix.net/cbf6a177-be54-462f-a4aa-21ce09853a34.jpg?w=380&h=238&fm=jpg&auto=compress&fit=crop","price":"10.99","pricePer":"$3.66 / lb","purchaseUnit":"3 lb"},{"mainCategory":"Produce","categoryName":"Bulk Produce","subCategoryName":"Bulk Fruits","title":"Bulk Organic Pixie Tangerines","producer":"From Our Farmers","photoPath":"https://goodeggs4.imgix.net/3c6bd444-8aa5-470a-a41d-105495cafe65.jpg?w=380&h=238&fm=jpg&auto=compress&fit=crop","price":"9.99","pricePer":"$3.33 / lb","purchaseUnit":"3 lb"},{"mainCategory":"Produce","categoryName":"Bulk Produce","subCategoryName":"Bulk Fruits","title":"Bulk Organic Shasta Gold Mandarins","producer":"Deer Creek Heights Ranch ","photoPath":"https://goodeggs4.imgix.net/c00ced60-fd94-448f-a3c8-3daae13a2ba5.jpg?w=380&h=238&fm=jpg&auto=compress&fit=crop","price":"9.99","pricePer":"$3.33 / lb","purchaseUnit":"3 lb"},{"mainCategory":"Produce","categoryName":"Bulk Produce","subCategoryName":"Bulk Fruits","title":"Bulk Organic Seedless Tango Tangerines","producer":"Cliff McFarlin Family Farms","photoPath":"https://goodeggs4.imgix.net/425823a4-bf74-4120-a7cc-dc8f99f228db.jpg?w=380&h=238&fm=jpg&auto=compress&fit=crop","price":"9.99","pricePer":"$3.33 / lb","purchaseUnit":"3 lb"},{"mainCategory":"Produce","categoryName":"Bulk Produce","subCategoryName":"Bulk Fruits","title":"Bulk Organic Moro Blood Oranges","producer":"Cliff McFarlin Family Farms","photoPath":"https://goodeggs4.imgix.net/7a54aaa1-05fd-418a-a3ff-62d5b5d74486.jpg?w=380&h=238&fm=jpg&auto=compress&fit=crop","price":"13.99","pricePer":"$4.66 / lb","purchaseUnit":"3 lb"},{"mainCategory":"Produce","categoryName":"Bulk Produce","subCategoryName":"Bulk Fruits","title":"Bulk Organic Cara Cara Oranges","producer":"Cliff McFarlin Family Farms","photoPath":"https://goodeggs4.imgix.net/417937b0-127e-4d35-a95f-a0c8d393ad73.jpg?w=380&h=238&fm=jpg&auto=compress&fit=crop","price":"17.99","pricePer":"$3.59 / lb","purchaseUnit":"5 lb"},{"mainCategory":"Produce","categoryName":"Bulk Produce","subCategoryName":"Bulk Fruits","title":"Bulk Organic Navel Oranges","producer":"Fruit World Company","photoPath":"https://goodeggs4.imgix.net/1911b489-c7ea-42b3-b72b-aca147ee59db.jpg?w=380&h=238&fm=jpg&auto=compress&fit=crop","price":"7.99","pricePer":"$1.99 / lb","purchaseUnit":"4 lb"},{"mainCategory":"Produce","categoryName":"Bulk Produce","subCategoryName":"Bulk Fruits","title":"Bulk Organic Powell Navel Oranges","producer":"Cliff McFarlin Family Farms","photoPath":"https://goodeggs4.imgix.net/86220276-b5f1-4512-a604-5a9f507b5ce0.jpg?w=380&h=238&fm=jpg&auto=compress&fit=crop","price":"9.99","pricePer":"$1.99 / lb","purchaseUnit":"5 lb"},{"mainCategory":"Produce","categoryName":"Bulk Produce","subCategoryName":"Bulk Fruits","title":"Bulk Organic Japanese Ume Pickling Plums","producer":"Fruit World Company","photoPath":"https://goodeggs4.imgix.net/20a318ef-098a-46cc-a0c0-58195972e465.jpg?w=380&h=238&fm=jpg&auto=compress&fit=crop","price":"29.99","pricePer":"$5.99 / lb","purchaseUnit":"5 lb"},{"mainCategory":"Produce","categoryName":"Bulk Produce","subCategoryName":"Bulk Fruits","title":"Flat of Organic Chandler Strawberries","producer":"Swanton Berry Farm","photoPath":"https://goodeggs4.imgix.net/ba12c987-5197-469a-ac05-644d1b3d6704.jpg?w=380&h=238&fm=jpg&auto=compress&fit=crop","price":"59.99","pricePer":"$0.36 / oz","purchaseUnit":"12 pint"},{"mainCategory":"Produce","categoryName":"Bulk Produce","subCategoryName":"Bulk Fruits","title":"Flat of Organic Strawberries","producer":"Coke Farms","photoPath":"https://goodeggs4.imgix.net/c4a0eab7-5ded-49e0-a6e5-88e0bdc0ddd5.jpg?w=380&h=238&fm=jpg&auto=compress&fit=crop","price":"42.99","pricePer":"$0.34 / oz","purchaseUnit":"8 lb"},{"mainCategory":"Produce","categoryName":"Bulk Produce","subCategoryName":"Bulk Fruits","title":"Bulk Organic Minneola Tangelos","producer":"Cliff McFarlin Family Farms","photoPath":"https://goodeggs4.imgix.net/fae25c5e-3fa6-4c52-bc2b-915c12d40bd9.jpg?w=380&h=238&fm=jpg&auto=compress&fit=crop","price":"10.99","pricePer":"$3.66 / lb","purchaseUnit":"3 lb"},{"mainCategory":"Produce","categoryName":"Bulk Produce","subCategoryName":"Bulk Fruits","title":"Case of Organic & Fair Trade Sugar Plum Tomatoes (Mexico)","producer":"Del Cabo Cooperative","photoPath":"https://goodeggs4.imgix.net/cc7b426f-7d8f-412f-adf1-bf2145d8af76.jpg?w=380&h=238&fm=jpg&auto=compress&fit=crop","price":"34.99","pricePer":"$3.88 / lb","purchaseUnit":"12 pint"},{"mainCategory":"Produce","categoryName":"Bulk Produce","subCategoryName":"Bulk Fruits","title":"Flat of Harry's Berries Organic Gaviota Strawberries","producer":"Harry's Berries","photoPath":"https://goodeggs4.imgix.net/d7505540-8c5f-11eb-9783-f3d67f42bb6b?w=380&h=238&fm=jpg&auto=compress&fit=crop","price":"99.99","pricePer":"$0.78 / oz","purchaseUnit":"8 lb"},{"mainCategory":"Produce","categoryName":"Bulk Produce","subCategoryName":"Bulk Vegetables","title":"Bulk Pre-Washed Organic Baby Wild Arugula","producer":"Jayleaf","photoPath":"https://goodeggs4.imgix.net/c1949473-7e85-475e-8192-d7d2873700da.jpg?w=380&h=238&fm=jpg&auto=compress&fit=crop","price":"23.99","pricePer":"$5.99 / lb","purchaseUnit":"4 lb"},{"mainCategory":"Produce","categoryName":"Bulk Produce","subCategoryName":"Bulk Vegetables","title":"Ten Organic Small Hass Avocados","producer":"Rancho Vasquez","photoPath":"https://goodeggs4.imgix.net/e67f59c8-51ba-446c-ab21-1b29cf1fb65c.jpg?w=380&h=238&fm=jpg&auto=compress&fit=crop","price":"18.99","pricePer":"$4.52 / lb","purchaseUnit":"10 count"},{"mainCategory":"Produce","categoryName":"Bulk Produce","subCategoryName":"Bulk Vegetables","title":"Flat of Organic Blackberries (Mexico)","producer":"From Our Farmers","photoPath":"https://goodeggs4.imgix.net/9f8daca0-019d-42b5-b097-40390641587b.jpg?w=380&h=238&fm=jpg&auto=compress&fit=crop","price":"50.99","pricePer":"$0.70 / oz","purchaseUnit":"4.5 lb"},{"mainCategory":"Produce","categoryName":"Bulk Produce","subCategoryName":"Bulk Vegetables","title":"Bulk Organic & Fair Trade Brussels Sprouts (Mexico)","producer":"Covilli Organics","photoPath":"https://goodeggs4.imgix.net/4cfe1a67-2a31-44ea-9a93-d9b262bfa03e.jpg?w=380&h=238&fm=jpg&auto=compress&fit=crop","price":"14.99","pricePer":"$4.99 / lb","purchaseUnit":"3 lb"},{"mainCategory":"Produce","categoryName":"Bulk Produce","subCategoryName":"Bulk Vegetables","title":"Bulk Organic Loose Nantes Carrots","producer":"Full Belly Farm","photoPath":"https://goodeggs4.imgix.net/385444fa-f29b-4efd-a126-fbe36894314a.jpg?w=380&h=238&fm=jpg&auto=compress&fit=crop","price":"9.99","pricePer":"$1.99 / lb","purchaseUnit":"5 lb"},{"mainCategory":"Produce","categoryName":"Bulk Produce","subCategoryName":"Bulk Vegetables","title":"Organic Loose Nantes Carrots","producer":"Givens Farm","photoPath":"https://goodeggs4.imgix.net/f58c9c80-fb8c-446d-ad8c-ec0a420ee8e0.jpg?w=380&h=238&fm=jpg&auto=compress&fit=crop","price":"2.29","pricePer":"$2.29 / lb","purchaseUnit":"1 lb"},{"mainCategory":"Produce","categoryName":"Bulk Produce","subCategoryName":"Bulk Vegetables","title":"Organic Small Celery Trio","producer":"From Our Farmers","photoPath":"https://goodeggs4.imgix.net/0416f6c6-dcb3-43ef-aab2-08f4802a956a.jpg?w=380&h=238&fm=jpg&auto=compress&fit=crop","price":"4.99","pricePer":"$1.66 / lb","purchaseUnit":"3 count"},{"mainCategory":"Produce","categoryName":"Bulk Produce","subCategoryName":"Bulk Vegetables","title":"Bulk Organic Bi-Color Sweet Corn","producer":"Cal-Organic Farms","photoPath":"https://goodeggs4.imgix.net/7e771797-427e-4456-814c-9712fe60fab7.jpg?w=380&h=238&fm=jpg&auto=compress&fit=crop","price":"15.99","pricePer":"$2.13 / lb","purchaseUnit":"10 count"},{"mainCategory":"Produce","categoryName":"Bulk Produce","subCategoryName":"Bulk Vegetables","title":"Bulk Organic Garlic","producer":"From Our Farmers","photoPath":"https://goodeggs4.imgix.net/2ecc7c41-491f-49fa-bf83-69d119799bf8.jpg?w=380&h=238&fm=jpg&auto=compress&fit=crop","price":"7.99","pricePer":"$5.32 / lb","purchaseUnit":"10 count"},{"mainCategory":"Produce","categoryName":"Bulk Produce","subCategoryName":"Bulk Vegetables","title":"Bulk Pre-Washed Organic Baby Dino Kale","producer":"Jayleaf","photoPath":"https://goodeggs4.imgix.net/1b99e038-148a-4546-9b7f-2cbe68824dc9.jpg?w=380&h=238&fm=jpg&auto=compress&fit=crop","price":"19.99","pricePer":"$6.66 / lb","purchaseUnit":"3 lb"},{"mainCategory":"Produce","categoryName":"Bulk Produce","subCategoryName":"Bulk Vegetables","title":"Bulk Organic Yellow Onion","producer":"From Our Farmers","photoPath":"https://goodeggs4.imgix.net/b7ea48c4-010e-4780-bc22-101971b6ab14.jpg?w=380&h=238&fm=jpg&auto=compress&fit=crop","price":"4.99","pricePer":"$1.66 / lb","purchaseUnit":"3 lb"},{"mainCategory":"Produce","categoryName":"Bulk Produce","subCategoryName":"Bulk Vegetables","title":"Bulk Organic English Peas","producer":"Tutti Frutti Farm","photoPath":"https://goodeggs4.imgix.net/86723422-6029-4e5a-9090-ac37125112cd.jpg?w=380&h=238&fm=jpg&auto=compress&fit=crop","price":"9.99","pricePer":"$3.33 / lb","purchaseUnit":"3 lb"},{"mainCategory":"Produce","categoryName":"Bulk Produce","subCategoryName":"Bulk Vegetables","title":"Bulk Organic Sugar Snap Peas","producer":"Tutti Frutti Farm","photoPath":"https://goodeggs4.imgix.net/89ae8839-f552-45dd-96e6-ae53b57c5d57.jpg?w=380&h=238&fm=jpg&auto=compress&fit=crop","price":"15.99","pricePer":"$5.33 / lb","purchaseUnit":"3 lb"},{"mainCategory":"Produce","categoryName":"Bulk Produce","subCategoryName":"Bulk Vegetables","title":"Bulk Organic Yellow Potatoes","producer":"From Our Farmers","photoPath":"https://goodeggs4.imgix.net/bdba87a5-718d-458b-b36c-ca2e8cd46cee.jpg?w=380&h=238&fm=jpg&auto=compress&fit=crop","price":"6.99","pricePer":"$1.39 / lb","purchaseUnit":"5 lb"},{"mainCategory":"Produce","categoryName":"Bulk Produce","subCategoryName":"Bulk Vegetables","title":"Flat of Organic Raspberries (Mexico)","producer":"From Our Farmers","photoPath":"https://goodeggs4.imgix.net/3417339f-f6cb-405e-aa05-c606e56789c1.jpg?w=380&h=238&fm=jpg&auto=compress&fit=crop","price":"50.99","pricePer":"$0.70 / oz","purchaseUnit":"4.5 lb"},{"mainCategory":"Produce","categoryName":"Bulk Produce","subCategoryName":"Bulk Vegetables","title":"Bulk Organic Rhubarb","producer":"From Our Farmers","photoPath":"https://goodeggs4.imgix.net/5df0a4c9-b73f-40b1-a974-a611d7b7363f.jpg?w=380&h=238&fm=jpg&auto=compress&fit=crop","price":"11.99","pricePer":"$3.99 / lb","purchaseUnit":"3 lb"},{"mainCategory":"Produce","categoryName":"Bulk Produce","subCategoryName":"Bulk Vegetables","title":"Bulk Organic Zucchini","producer":"From Our Farmers","photoPath":"https://goodeggs4.imgix.net/54df8771-384e-4956-b334-e071f6586241.jpg?w=380&h=238&fm=jpg&auto=compress&fit=crop","price":"7.99","pricePer":"$2.66 / lb","purchaseUnit":"3 lb"},{"mainCategory":"Produce","categoryName":"Bulk Produce","subCategoryName":"Bulk Vegetables","title":"Bulk Organic Japanese Sweet Potatoes","producer":"From Our Farmers","photoPath":"https://goodeggs4.imgix.net/106b1c2f-2c9d-4193-8840-97891da049e5.jpg?w=380&h=238&fm=jpg&auto=compress&fit=crop","price":"5.99","pricePer":"$1.99 / lb","purchaseUnit":"3 lb"},{"mainCategory":"Produce","categoryName":"Bulk Produce","subCategoryName":"Bulk Vegetables","title":"Bulk Organic Hawaiian Turmeric","producer":"Kolo Kai Organic Farm","photoPath":"https://goodeggs4.imgix.net/dc95fc31-71b2-4274-a4c7-8a5de16dad38.jpg?w=380&h=238&fm=jpg&auto=compress&fit=crop","price":"27.99","pricePer":"$0.87 / oz","purchaseUnit":"2 lb"},{"mainCategory":"Produce","categoryName":"Bulk Produce","subCategoryName":"Bulk Vegetables","title":"Bulk Organic Cut Wheatgrass","producer":"New Natives","photoPath":"https://goodeggs4.imgix.net/4ec144c5-b63c-44ad-994d-6e12abb26594.jpg?w=380&h=238&fm=jpg&auto=compress&fit=crop","price":"10.99","pricePer":"$0.68 / oz","purchaseUnit":"16 oz"},{"mainCategory":"Produce","categoryName":"Bulk Produce","subCategoryName":"Bulk Vegetables","title":"Bulk Organic Mixed Heirloom Tomatoes","producer":"Wilgenburg Greenhouses","photoPath":"https://goodeggs4.imgix.net/458263b6-6561-434f-a8be-999091b4c38e.jpg?w=380&h=238&fm=jpg&auto=compress&fit=crop","price":"14.99","pricePer":"$4.99 / lb","purchaseUnit":"3 lb"},{"mainCategory":"Produce","categoryName":"Frozen Fruit & Vegetables","subCategoryName":"Frozen Vegetables","title":"Organic Frozen Green Peas","producer":"Woodstock","photoPath":"https://goodeggs4.imgix.net/9b300ced-e131-4e7b-b814-2817ad5832c7.jpg?w=380&h=238&fm=jpg&auto=compress&fit=crop","price":"3.39","pricePer":"$5.42 / lb","purchaseUnit":"10 oz"},{"mainCategory":"Produce","categoryName":"Frozen Fruit & Vegetables","subCategoryName":"Frozen Vegetables","title":"Frozen Green Peas","producer":"Stahlbush Island Farms","photoPath":"https://goodeggs4.imgix.net/023c3d20-6ba7-4c5f-a249-1b0c1ae57f60.jpg?w=380&h=238&fm=jpg&auto=compress&fit=crop","price":"2.69","pricePer":"$4.30 / lb","purchaseUnit":"10 oz"},{"mainCategory":"Produce","categoryName":"Frozen Fruit & Vegetables","subCategoryName":"Frozen Vegetables","title":"Organic Frozen Cut Spinach","producer":"Woodstock","photoPath":"https://goodeggs4.imgix.net/e1385966-50f4-4de7-8f67-daa63137b0f4.jpg?w=380&h=238&fm=jpg&auto=compress&fit=crop","price":"3.39","pricePer":"$0.34 / oz","purchaseUnit":"10 oz"},{"mainCategory":"Produce","categoryName":"Frozen Fruit & Vegetables","subCategoryName":"Frozen Vegetables","title":"Organic Frozen Corn","producer":"Woodstock","photoPath":"https://goodeggs4.imgix.net/48a737a6-f2c5-4e9d-9c61-384de1c63352.jpg?w=380&h=238&fm=jpg&auto=compress&fit=crop","price":"3.39","pricePer":"$0.34 / oz","purchaseUnit":"10 oz"},{"mainCategory":"Produce","categoryName":"Frozen Fruit & Vegetables","subCategoryName":"Frozen Vegetables","title":"Organic Frozen Broccoli","producer":"Woodstock","photoPath":"https://goodeggs4.imgix.net/abe2f88a-602c-4717-906a-32e49369cd2f.jpg?w=380&h=238&fm=jpg&auto=compress&fit=crop","price":"3.39","pricePer":"$0.34 / oz","purchaseUnit":"10 oz"},{"mainCategory":"Produce","categoryName":"Frozen Fruit & Vegetables","subCategoryName":"Frozen Vegetables","title":"Frozen Sweet Corn","producer":"Stahlbush Island Farms","photoPath":"https://goodeggs4.imgix.net/b5a435df-da1b-4872-ad4a-5cb8b9d0e822.jpg?w=380&h=238&fm=jpg&auto=compress&fit=crop","price":"2.69","pricePer":"$4.30 / lb","purchaseUnit":"10 oz"},{"mainCategory":"Produce","categoryName":"Frozen Fruit & Vegetables","subCategoryName":"Frozen Vegetables","title":"Organic Frozen Sweet Peas & Carrots","producer":"Cascadian Farm","photoPath":"https://goodeggs4.imgix.net/2a8224ab-0ece-4567-88b2-e2eb1e785ac0.jpg?w=380&h=238&fm=jpg&auto=compress&fit=crop","price":"3.09","pricePer":"$4.94 / lb","purchaseUnit":"10 oz"},{"mainCategory":"Produce","categoryName":"Frozen Fruit & Vegetables","subCategoryName":"Frozen Vegetables","title":"Frozen Broccoli","producer":"Stahlbush Island Farms","photoPath":"https://goodeggs4.imgix.net/9d3b3cbb-780b-4f3a-80ea-827df7a8895d.jpg?w=380&h=238&fm=jpg&auto=compress&fit=crop","price":"2.99","pricePer":"$4.78 / lb","purchaseUnit":"10 oz"},{"mainCategory":"Produce","categoryName":"Frozen Fruit & Vegetables","subCategoryName":"Frozen Vegetables","title":"Organic Steamable Frozen Green Peas","producer":"Woodstock","photoPath":"https://goodeggs4.imgix.net/51a68192-bd65-48d0-8dd7-a3e8c2b1c9d5.jpg?w=380&h=238&fm=jpg&auto=compress&fit=crop","price":"3.69","pricePer":"$4.92 / lb","purchaseUnit":"12 oz"},{"mainCategory":"Produce","categoryName":"Frozen Fruit & Vegetables","subCategoryName":"Frozen Vegetables","title":"Organic Frozen Mixed Veggies","producer":"Woodstock","photoPath":"https://goodeggs4.imgix.net/e9a131f9-f394-434f-b646-69e63716b336.jpg?w=380&h=238&fm=jpg&auto=compress&fit=crop","price":"3.39","pricePer":"$0.34 / oz","purchaseUnit":"10 oz"},{"mainCategory":"Produce","categoryName":"Frozen Fruit & Vegetables","subCategoryName":"Frozen Vegetables","title":"Organic Frozen Cut Kale","producer":"Cascadian Farm","photoPath":"https://goodeggs4.imgix.net/2a0a20d8-3f46-4102-b7d4-336fbe6b4f91.jpg?w=380&h=238&fm=jpg&auto=compress&fit=crop","price":"3.09","pricePer":"$4.94 / lb","purchaseUnit":"10 oz"},{"mainCategory":"Produce","categoryName":"Frozen Fruit & Vegetables","subCategoryName":"Frozen Vegetables","title":"Organic Frozen Cut Spinach","producer":"Cascadian Farm","photoPath":"https://goodeggs4.imgix.net/e9f1d0de-817d-4535-8921-51518bface81.jpg?w=380&h=238&fm=jpg&auto=compress&fit=crop","price":"3.09","pricePer":"$4.94 / lb","purchaseUnit":"10 oz"},{"mainCategory":"Produce","categoryName":"Frozen Fruit & Vegetables","subCategoryName":"Frozen Vegetables","title":"Frozen Butternut Squash","producer":"Stahlbush Island Farms","photoPath":"https://goodeggs4.imgix.net/b254850b-8113-469c-a0cf-696517c4f386.jpg?w=380&h=238&fm=jpg&auto=compress&fit=crop","price":"2.99","pricePer":"$4.78 / lb","purchaseUnit":"10 oz"},{"mainCategory":"Produce","categoryName":"Frozen Fruit & Vegetables","subCategoryName":"Frozen Vegetables","title":"Organic Steamable Frozen Sweet Corn","producer":"Woodstock","photoPath":"https://goodeggs4.imgix.net/29665b58-7b1e-49b3-ba45-c05f34b707e8.jpg?w=380&h=238&fm=jpg&auto=compress&fit=crop","price":"3.69","pricePer":"$0.31 / oz","purchaseUnit":"12 oz"},{"mainCategory":"Produce","categoryName":"Frozen Fruit & Vegetables","subCategoryName":"Frozen Vegetables","title":"Organic Frozen Cut Green Beans","producer":"Woodstock","photoPath":"https://goodeggs4.imgix.net/4da5abcf-0716-4a0f-bca6-1fdf2497e9fb.jpg?w=380&h=238&fm=jpg&auto=compress&fit=crop","price":"3.39","pricePer":"$0.34 / oz","purchaseUnit":"10 oz"},{"mainCategory":"Produce","categoryName":"Frozen Fruit & Vegetables","subCategoryName":"Frozen Vegetables","title":"Oregon Frozen Peas","producer":"Seal the Seasons ","photoPath":"https://goodeggs4.imgix.net/9e6c24f2-06f0-422b-92e2-99b94015b225.jpg?w=380&h=238&fm=jpg&auto=compress&fit=crop","price":"3.49","pricePer":"$0.44 / oz","purchaseUnit":"8 oz"},{"mainCategory":"Produce","categoryName":"Frozen Fruit & Vegetables","subCategoryName":"Frozen Vegetables","title":"Frozen Sweet Potatoes","producer":"Stahlbush Island Farms","photoPath":"https://goodeggs4.imgix.net/9ef30d37-8086-451a-bbb3-a07a3ef8fec8.jpg?w=380&h=238&fm=jpg&auto=compress&fit=crop","price":"2.99","pricePer":"$4.78 / lb","purchaseUnit":"10 oz"},{"mainCategory":"Produce","categoryName":"Frozen Fruit & Vegetables","subCategoryName":"Frozen Vegetables","title":"Oregon Frozen Cauliflower","producer":"Seal the Seasons ","photoPath":"https://goodeggs4.imgix.net/b4e6277b-5d1f-4787-850b-030a1c4c3c85.jpg?w=380&h=238&fm=jpg&auto=compress&fit=crop","price":"3.49","pricePer":null,"purchaseUnit":"8 oz"},{"mainCategory":"Produce","categoryName":"Frozen Fruit & Vegetables","subCategoryName":"Frozen Vegetables","title":"Organic Steamable Frozen Mixed Veggies","producer":"Woodstock","photoPath":"https://goodeggs4.imgix.net/7732e1e1-c5a4-46c8-a240-431830f04ebf.jpg?w=380&h=238&fm=jpg&auto=compress&fit=crop","price":"3.69","pricePer":"$0.31 / oz","purchaseUnit":"12 oz"},{"mainCategory":"Produce","categoryName":"Frozen Fruit & Vegetables","subCategoryName":"Frozen Vegetables","title":"Oregon Frozen Yellow Corn","producer":"Seal the Seasons ","photoPath":"https://goodeggs4.imgix.net/438768f1-e250-457b-b7c0-0b35d25468a3.jpg?w=380&h=238&fm=jpg&auto=compress&fit=crop","price":"3.49","pricePer":null,"purchaseUnit":"8 oz"},{"mainCategory":"Produce","categoryName":"Frozen Fruit & Vegetables","subCategoryName":"Frozen Vegetables","title":"Raw Coconut Meat (Frozen)","producer":"Milkman SF","photoPath":"https://goodeggs4.imgix.net/a0278893-02db-442c-a493-57a14ecf21af.jpg?w=380&h=238&fm=jpg&auto=compress&fit=crop","price":"8.99","pricePer":"$11.98 / lb","purchaseUnit":"12 oz"},{"mainCategory":"Produce","categoryName":"Frozen Fruit & Vegetables","subCategoryName":"Frozen Vegetables","title":"Oregon Frozen Cut Green Beans","producer":"Seal the Seasons ","photoPath":"https://goodeggs4.imgix.net/a71ec884-cce9-4aba-87c2-cf6a4f6e4b95.jpg?w=380&h=238&fm=jpg&auto=compress&fit=crop","price":"3.49","pricePer":null,"purchaseUnit":"8 oz"},{"mainCategory":"Produce","categoryName":"Frozen Fruit & Vegetables","subCategoryName":"Frozen Vegetables","title":"Oregon Frozen Broccoli","producer":"Seal the Seasons ","photoPath":"https://goodeggs4.imgix.net/b3bb635c-0b54-483a-87b3-10e0ac0c6b9b.jpg?w=380&h=238&fm=jpg&auto=compress&fit=crop","price":"3.49","pricePer":null,"purchaseUnit":"8 oz"},{"mainCategory":"Produce","categoryName":"Frozen Fruit & Vegetables","subCategoryName":"Frozen Vegetables","title":"Oregon Frozen Butternut Squash","producer":"Seal the Seasons ","photoPath":"https://goodeggs4.imgix.net/6ed5e708-9d59-4a85-9cef-a0bb36067bb4.jpg?w=380&h=238&fm=jpg&auto=compress&fit=crop","price":"3.49","pricePer":null,"purchaseUnit":"8 oz"},{"mainCategory":"Produce","categoryName":"Frozen Fruit & Vegetables","subCategoryName":"Frozen Fruit","title":"California Frozen Berry Blend","producer":"Seal the Seasons ","photoPath":"https://goodeggs4.imgix.net/27160fc6-ba58-49df-9dae-ff7c336a9ba6.jpg?w=380&h=238&fm=jpg&auto=compress&fit=crop","price":"9.99","pricePer":null,"purchaseUnit":"32 oz"},{"mainCategory":"Produce","categoryName":"Frozen Fruit & Vegetables","subCategoryName":"Frozen Fruit","title":"California Frozen Peaches","producer":"Seal the Seasons ","photoPath":"https://goodeggs4.imgix.net/17f6f4bf-fb55-41fe-9fa0-f5c480ddf160.jpg?w=380&h=238&fm=jpg&auto=compress&fit=crop","price":"9.99","pricePer":null,"purchaseUnit":"32 oz"},{"mainCategory":"Produce","categoryName":"Frozen Fruit & Vegetables","subCategoryName":"Frozen Fruit","title":"Frozen Blueberries","producer":"Stahlbush Island Farms","photoPath":"https://goodeggs4.imgix.net/75123d6d-6728-4a0f-89e6-7459ad2867ae.jpg?w=380&h=238&fm=jpg&auto=compress&fit=crop","price":"3.99","pricePer":"$0.40 / oz","purchaseUnit":"10 oz"},{"mainCategory":"Produce","categoryName":"Frozen Fruit & Vegetables","subCategoryName":"Frozen Fruit","title":"California Frozen Blueberries","producer":"Seal the Seasons ","photoPath":"https://goodeggs4.imgix.net/2634f436-8e91-4b21-9692-0736fd254ad9.jpg?w=380&h=238&fm=jpg&auto=compress&fit=crop","price":"9.99","pricePer":null,"purchaseUnit":"32 oz"},{"mainCategory":"Produce","categoryName":"Frozen Fruit & Vegetables","subCategoryName":"Frozen Fruit","title":"California Frozen Strawberries","producer":"Seal the Seasons ","photoPath":"https://goodeggs4.imgix.net/df59e88f-bd4e-4d34-bc4d-04fe36a39220.jpg?w=380&h=238&fm=jpg&auto=compress&fit=crop","price":"9.99","pricePer":null,"purchaseUnit":"32 oz"},{"mainCategory":"Produce","categoryName":"Frozen Fruit & Vegetables","subCategoryName":"Frozen Fruit","title":"Frozen Strawberries","producer":"Stahlbush Island Farms","photoPath":"https://goodeggs4.imgix.net/6ccdcc48-1d5e-414a-9738-3208bf2ffd08.jpg?w=380&h=238&fm=jpg&auto=compress&fit=crop","price":"3.99","pricePer":"$0.40 / oz","purchaseUnit":"10 oz"},{"mainCategory":"Produce","categoryName":"Frozen Fruit & Vegetables","subCategoryName":"Frozen Fruit","title":"Frozen Cranberries","producer":"Stahlbush Island Farms","photoPath":"https://goodeggs4.imgix.net/700b86d1-8f3d-4144-99ff-1037ae57c838.jpg?w=380&h=238&fm=jpg&auto=compress&fit=crop","price":"3.99","pricePer":"$0.40 / oz","purchaseUnit":"10 oz"},{"mainCategory":"Produce","categoryName":"Frozen Fruit & Vegetables","subCategoryName":"Frozen Fruit","title":"Frozen Marion Blackberries","producer":"Stahlbush Island Farms","photoPath":"https://goodeggs4.imgix.net/0fa88823-f85e-4062-a37a-0d96244561bf.jpg?w=380&h=238&fm=jpg&auto=compress&fit=crop","price":"4.49","pricePer":"$0.45 / oz","purchaseUnit":"10 oz"},{"mainCategory":"Produce","categoryName":"Frozen Fruit & Vegetables","subCategoryName":"Frozen Fruit","title":"Organic Frozen Mango Chunks","producer":"Cascadian Farm","photoPath":"https://goodeggs4.imgix.net/fdad7c46-7669-4af4-84c4-22593ea89d12.jpg?w=380&h=238&fm=jpg&auto=compress&fit=crop","price":"4.39","pricePer":"$7.02 / lb","purchaseUnit":"10 oz"},{"mainCategory":"Produce","categoryName":"Frozen Fruit & Vegetables","subCategoryName":"Frozen Fruit","title":"Organic Frozen Blueberries","producer":"Woodstock","photoPath":"https://goodeggs4.imgix.net/6a23ed6b-7493-422a-955a-47002dd42f32.jpg?w=380&h=238&fm=jpg&auto=compress&fit=crop","price":"12.99","pricePer":"$0.46 / oz","purchaseUnit":"28 oz"},{"mainCategory":"Produce","categoryName":"Frozen Fruit & Vegetables","subCategoryName":"Frozen Fruit","title":"Organic Frozen Cherries","producer":"Woodstock","photoPath":"https://goodeggs4.imgix.net/4b066311-e676-4ff6-817c-d961c78bfca4.jpg?w=380&h=238&fm=jpg&auto=compress&fit=crop","price":"11.99","pricePer":"$0.37 / oz","purchaseUnit":"32 oz"},{"mainCategory":"Produce","categoryName":"Frozen Fruit & Vegetables","subCategoryName":"Frozen Fruit","title":"Organic Frozen Sliced Bananas","producer":"Woodstock","photoPath":"https://goodeggs4.imgix.net/a95def2f-f4d6-429f-8c2b-24a0732c4246.jpg?w=380&h=238&fm=jpg&auto=compress&fit=crop","price":"3.39","pricePer":"$0.42 / oz","purchaseUnit":"8 oz"},{"mainCategory":"Produce","categoryName":"Frozen Fruit & Vegetables","subCategoryName":"Frozen Fruit","title":"Organic Frozen Mixed Berries","producer":"Woodstock","photoPath":"https://goodeggs4.imgix.net/2e6074e5-2f3b-4aaf-97ef-a89bdc85fc47.jpg?w=380&h=238&fm=jpg&auto=compress&fit=crop","price":"11.99","pricePer":"$0.37 / oz","purchaseUnit":"32 oz"},{"mainCategory":"Produce","categoryName":"Frozen Fruit & Vegetables","subCategoryName":"Frozen Fruit","title":"Organic Frozen Raspberries","producer":"Cascadian Farm","photoPath":"https://goodeggs4.imgix.net/ce5f1ddf-6716-4b10-a87d-af892d808de1.jpg?w=380&h=238&fm=jpg&auto=compress&fit=crop","price":"4.39","pricePer":"$8.78 / lb","purchaseUnit":"8 oz"},{"mainCategory":"Produce","categoryName":"Frozen Fruit & Vegetables","subCategoryName":"Frozen Fruit","title":"Organic Frozen Sliced Peaches","producer":"Cascadian Farm","photoPath":"https://goodeggs4.imgix.net/10fc8ad2-7acd-461d-9d92-27a3d6c5e3ea.jpg?w=380&h=238&fm=jpg&auto=compress&fit=crop","price":"4.39","pricePer":"$7.02 / lb","purchaseUnit":"10 oz"},{"mainCategory":"Produce","categoryName":"Frozen Fruit & Vegetables","subCategoryName":"Frozen Fruit","title":"Organic Frozen Strawberries","producer":"Woodstock","photoPath":"https://goodeggs4.imgix.net/95f8c85e-7bb5-4d4a-8a2f-05b5019b8c6e.jpg?w=380&h=238&fm=jpg&auto=compress&fit=crop","price":"11.99","pricePer":"$0.37 / oz","purchaseUnit":"32 oz"},{"mainCategory":"Produce","categoryName":"Frozen Fruit & Vegetables","subCategoryName":"Frozen Fruit","title":"Organic Frozen Pomegranate Kernels","producer":"Woodstock","photoPath":"https://goodeggs4.imgix.net/6f66d445-3700-44e2-b7f7-877b196342d1.jpg?w=380&h=238&fm=jpg&auto=compress&fit=crop","price":"5.99","pricePer":"$0.74 / oz","purchaseUnit":"8 oz"},{"mainCategory":"Produce","categoryName":"Frozen Fruit & Vegetables","subCategoryName":"Frozen Fruit","title":"Organic Frozen Strawberries & Mango","producer":"Cascadian Farm","photoPath":"https://goodeggs4.imgix.net/14448c33-e9a9-4a42-895c-601f9b584750.jpg?w=380&h=238&fm=jpg&auto=compress&fit=crop","price":"13.99","pricePer":"$6.99 / lb","purchaseUnit":"32 oz"},{"mainCategory":"Produce","categoryName":"Frozen Fruit & Vegetables","subCategoryName":"Frozen Fruit","title":"Organic Frozen Harvest Berries","producer":"Cascadian Farm","photoPath":"https://goodeggs4.imgix.net/1c028977-fa55-4564-b046-5b98e113ad57.jpg?w=380&h=238&fm=jpg&auto=compress&fit=crop","price":"4.39","pricePer":"$7.02 / lb","purchaseUnit":"10 oz"},{"mainCategory":"Produce","categoryName":"Frozen Fruit & Vegetables","subCategoryName":"Frozen Fruit","title":"Organic Frozen Blueberries","producer":"Cascadian Farm","photoPath":"https://goodeggs4.imgix.net/69cdd61e-ee94-4013-904f-f9a96f239ef0.jpg?w=380&h=238&fm=jpg&auto=compress&fit=crop","price":"4.39","pricePer":"$8.78 / lb","purchaseUnit":"8 oz"},{"mainCategory":"Produce","categoryName":"Frozen Fruit & Vegetables","subCategoryName":"Frozen Fruit","title":"Organic Frozen Strawberries","producer":"Cascadian Farm","photoPath":"https://goodeggs4.imgix.net/09f43eaf-f684-4188-8b14-e0306d34225e.jpg?w=380&h=238&fm=jpg&auto=compress&fit=crop","price":"4.39","pricePer":"$7.02 / lb","purchaseUnit":"10 oz"},{"mainCategory":"Produce","categoryName":"Frozen Fruit & Vegetables","subCategoryName":"Frozen Fruit","title":"Organic Frozen Cherries","producer":"Woodstock","photoPath":"https://goodeggs4.imgix.net/303b72f9-5f14-4aca-91ea-d3af1e0d35d6.jpg?w=380&h=238&fm=jpg&auto=compress&fit=crop","price":"6.99","pricePer":"$0.69 / oz","purchaseUnit":"10 oz"},{"mainCategory":"Produce","categoryName":"Frozen Fruit & Vegetables","subCategoryName":"Frozen Fruit","title":"Organic Frozen Blueberries","producer":"Cascadian Farm","photoPath":"https://goodeggs4.imgix.net/a9cb7640-ff64-4ace-b723-f1702ea08fc3.jpg?w=380&h=238&fm=jpg&auto=compress&fit=crop","price":"13.99","pricePer":"$7.99 / lb","purchaseUnit":"28 oz"},{"mainCategory":"Produce","categoryName":"Frozen Fruit & Vegetables","subCategoryName":"Frozen Fruit","title":"Organic Frozen Cherries","producer":"Cascadian Farm","photoPath":"https://goodeggs4.imgix.net/63b7a71f-1688-4fa0-aa79-20208e589cac.jpg?w=380&h=238&fm=jpg&auto=compress&fit=crop","price":"13.99","pricePer":"$6.99 / lb","purchaseUnit":"32 oz"},{"mainCategory":"Produce","categoryName":"Frozen Fruit & Vegetables","subCategoryName":"Frozen Fruit","title":"Organic Frozen Blackberries","producer":"Cascadian Farm","photoPath":"https://goodeggs4.imgix.net/66406bbb-d30e-4630-b701-c21846594928.jpg?w=380&h=238&fm=jpg&auto=compress&fit=crop","price":"4.39","pricePer":"$7.02 / lb","purchaseUnit":"10 oz"},{"mainCategory":"Produce","categoryName":"Frozen Fruit & Vegetables","subCategoryName":"Frozen Fruit","title":"Organic Frozen Strawberries","producer":"Cascadian Farm","photoPath":"https://goodeggs4.imgix.net/6e25cc7b-9df3-4d64-ab8c-112118012f67.jpg?w=380&h=238&fm=jpg&auto=compress&fit=crop","price":"13.99","pricePer":"$6.99 / lb","purchaseUnit":"32 oz"},{"mainCategory":"Produce","categoryName":"Frozen Fruit & Vegetables","subCategoryName":"Frozen Fruit","title":"Organic Strawberry Plant-Based Smoothie Cup","producer":"Sweet Nothings","photoPath":"https://goodeggs4.imgix.net/28a90f97-e033-47de-a0a1-1da929b7210c.jpg?w=380&h=238&fm=jpg&auto=compress&fit=crop","price":"2.99","pricePer":"$0.85 / oz","purchaseUnit":"3.5 oz"},{"mainCategory":"Produce","categoryName":"Frozen Fruit & Vegetables","subCategoryName":"Frozen Fruit","title":"Organic Peanut Butter Plant-Based Smoothie Cup","producer":"Sweet Nothings","photoPath":"https://goodeggs4.imgix.net/f0d84c61-ffde-4d1b-8a43-3e9032ede9e5.jpg?w=380&h=238&fm=jpg&auto=compress&fit=crop","price":"2.99","pricePer":"$0.85 / oz","purchaseUnit":"3.5 oz"},{"mainCategory":"Produce","categoryName":"Frozen Fruit & Vegetables","subCategoryName":"Frozen Fruit","title":"Organic Tropical Greens Plant-Based Smoothie Cup","producer":"Sweet Nothings","photoPath":"https://goodeggs4.imgix.net/e1213180-8e57-11eb-8994-e1a9d560c915?w=380&h=238&fm=jpg&auto=compress&fit=crop","price":"2.99","pricePer":"$0.85 / oz","purchaseUnit":"3.5 oz"},{"mainCategory":"Produce","categoryName":"Frozen Fruit & Vegetables","subCategoryName":"Frozen Fruit","title":"Organic Chocolate Plant-Based Smoothie Cup","producer":"Sweet Nothings","photoPath":"https://goodeggs4.imgix.net/f0c574f6-57cd-49fb-83ba-9e5a45734299.jpg?w=380&h=238&fm=jpg&auto=compress&fit=crop","price":"2.99","pricePer":"$0.85 / oz","purchaseUnit":"3.5 oz"},{"mainCategory":"Produce","categoryName":"Frozen Fruit & Vegetables","subCategoryName":"Frozen Fruit","title":"Organic Blueberry Plant-Based Smoothie Cup","producer":"Sweet Nothings","photoPath":"https://goodeggs4.imgix.net/0fe945a6-eb16-48bc-abdc-132ef726623a.jpg?w=380&h=238&fm=jpg&auto=compress&fit=crop","price":"2.99","pricePer":"$0.85 / oz","purchaseUnit":"3.5 oz"},{"mainCategory":"Produce","categoryName":"Frozen Fruit & Vegetables","subCategoryName":"Frozen Fruit","title":"Organic Coffee Plant-Based Smoothie Cup","producer":"Sweet Nothings","photoPath":"https://goodeggs4.imgix.net/bfa0b4f8-cfb2-4ece-8f94-daa47e3ffdb9.jpg?w=380&h=238&fm=jpg&auto=compress&fit=crop","price":"2.99","pricePer":"$0.85 / oz","purchaseUnit":"3.5 oz"},{"mainCategory":"Snacks","categoryName":"Lunchbox Snacks","subCategoryName":"","title":"Organic Mozzarella String Cheese","producer":"Organic Valley","photoPath":"https://goodeggs4.imgix.net/cdbe683f-40db-4db3-901b-6b84f12585ae.jpg?w=380&h=238&fm=jpg&auto=compress&fit=crop","price":"4.99","pricePer":"$0.83 / oz","purchaseUnit":"6 count"},{"mainCategory":"Snacks","categoryName":"Lunchbox Snacks","subCategoryName":"","title":"Organic Sea Salt Roasted Seaweed Snacks","producer":"GimMe Organic","photoPath":"https://goodeggs4.imgix.net/0dc5e262-c154-4938-aa09-4549bcd69858.jpg?w=380&h=238&fm=jpg&auto=compress&fit=crop","price":"5.49","pricePer":"$5.22 / oz","purchaseUnit":"6 count"},{"mainCategory":"Snacks","categoryName":"Lunchbox Snacks","subCategoryName":"","title":"Organic Dried Mango Halves","producer":"Solely","photoPath":"https://goodeggs4.imgix.net/99e89a4d-9048-411b-a270-cd5568e2ff74.jpg?w=380&h=238&fm=jpg&auto=compress&fit=crop","price":"5.99","pricePer":"$0.74 / oz","purchaseUnit":"8 oz"},{"mainCategory":"Snacks","categoryName":"Lunchbox Snacks","subCategoryName":"","title":"Sea Salt Popcorn","producer":"Boomchickapop","photoPath":"https://goodeggs4.imgix.net/8066577d-85a6-459d-b41d-2b08aa0cdac6.jpg?w=380&h=238&fm=jpg&auto=compress&fit=crop","price":"5.49","pricePer":"$0.91 / oz","purchaseUnit":"6 count"},{"mainCategory":"Snacks","categoryName":"Lunchbox Snacks","subCategoryName":"","title":"Washed Berries & Mango","producer":"Healthy Food Inc. Kitchen","photoPath":"https://goodeggs4.imgix.net/d365c9af-1638-46d5-9456-bd0947c54e90.jpg?w=380&h=238&fm=jpg&auto=compress&fit=crop","price":"6.99","pricePer":"$0.87 / oz","purchaseUnit":"8 oz"},{"mainCategory":"Snacks","categoryName":"Lunchbox Snacks","subCategoryName":"","title":"Bulk Organic Pixie Tangerines","producer":"From Our Farmers","photoPath":"https://goodeggs4.imgix.net/3c6bd444-8aa5-470a-a41d-105495cafe65.jpg?w=380&h=238&fm=jpg&auto=compress&fit=crop","price":"9.99","pricePer":"$3.33 / lb","purchaseUnit":"3 lb"},{"mainCategory":"Snacks","categoryName":"Lunchbox Snacks","subCategoryName":"","title":"Vanilla Crispy Rice Squares","producer":"MadeGood Foods","photoPath":"https://goodeggs4.imgix.net/8212a604-3407-44ee-99bb-526617a93cca.jpg?w=380&h=238&fm=jpg&auto=compress&fit=crop","price":"4.99","pricePer":"$1.06 / oz","purchaseUnit":"6 count"},{"mainCategory":"Snacks","categoryName":"Lunchbox Snacks","subCategoryName":"","title":"Milk Chocolate & Caramel Cookie Squares","producer":"Michel et Augustin","photoPath":"https://goodeggs4.imgix.net/3f2bbf93-a6af-4d97-ae86-9a76e56a3f4e.jpg?w=380&h=238&fm=jpg&auto=compress&fit=crop","price":"4.99","pricePer":"$1.01 / oz","purchaseUnit":"15 count"},{"mainCategory":"Snacks","categoryName":"Lunchbox Snacks","subCategoryName":"","title":"Organic Cheddar Cheese Sandwich Crackers","producer":"Late July Organic Snacks","photoPath":"https://goodeggs4.imgix.net/3db56da0-dfd7-407f-a725-50144cf858bd.jpg?w=380&h=238&fm=jpg&auto=compress&fit=crop","price":"7.99","pricePer":"$0.88 / oz","purchaseUnit":"8 count"},{"mainCategory":"Snacks","categoryName":"Lunchbox Snacks","subCategoryName":"","title":"Milk Chocolate Peanut Butter Cups","producer":"Perfect Bar","photoPath":"https://goodeggs4.imgix.net/c6143952-79ba-4bc1-bfff-a3f0b701d6f8.jpg?w=380&h=238&fm=jpg&auto=compress&fit=crop","price":"2.99","pricePer":"$2.13 / oz","purchaseUnit":"1.4 oz"},{"mainCategory":"Snacks","categoryName":"Lunchbox Snacks","subCategoryName":"","title":"Organic Chocolate Caramel Minis","producer":"Ocho Candy","photoPath":"https://goodeggs4.imgix.net/8349e967-ef0e-4d16-9fab-c9f1baa18ee5.jpg?w=380&h=238&fm=jpg&auto=compress&fit=crop","price":"4.49","pricePer":"$1.28 / oz","purchaseUnit":"3.5 oz"},{"mainCategory":"Snacks","categoryName":"Lunchbox Snacks","subCategoryName":"","title":"Okara Chocolate Chip Cookies","producer":"Renewal Mill ","photoPath":"https://goodeggs4.imgix.net/5b91a22c-3e8e-4689-a16a-0e9c5cb4e255.jpg?w=380&h=238&fm=jpg&auto=compress&fit=crop","price":"3.99","pricePer":null,"purchaseUnit":"2 count"},{"mainCategory":"Snacks","categoryName":"Lunchbox Snacks","subCategoryName":"","title":"Cubed Turkey","producer":"Healthy Food Inc. Kitchen","photoPath":"https://goodeggs4.imgix.net/d9ac329b-4c85-4075-9f9e-b9c56d97f694.jpg?w=380&h=238&fm=jpg&auto=compress&fit=crop","price":"12.99","pricePer":"$17.32 / lb","purchaseUnit":"12 oz"},{"mainCategory":"Snacks","categoryName":"Healthy Food Inc. Kitchen","subCategoryName":"Pickles & Olives","title":"Pitted Castelvetrano Olives","producer":"Healthy Food Inc. Kitchen","photoPath":"https://goodeggs4.imgix.net/4946b6a3-e1c8-4dfa-81bd-39218be2a12f.jpg?w=380&h=238&fm=jpg&auto=compress&fit=crop","price":"6.49","pricePer":"$0.81 / oz","purchaseUnit":"8 oz"},{"mainCategory":"Snacks","categoryName":"Healthy Food Inc. Kitchen","subCategoryName":"Pickles & Olives","title":"Pitted Kalamata Olives","producer":"Healthy Food Inc. Kitchen","photoPath":"https://goodeggs4.imgix.net/41ddd88f-a01b-40ef-9b9c-7a68212591f1.jpg?w=380&h=238&fm=jpg&auto=compress&fit=crop","price":"6.49","pricePer":"$0.81 / oz","purchaseUnit":"8 oz"},{"mainCategory":"Snacks","categoryName":"Healthy Food Inc. Kitchen","subCategoryName":"Pickles & Olives","title":"Pitted Castelvetrano Olives","producer":"Healthy Food Inc. Kitchen","photoPath":"https://goodeggs4.imgix.net/494a574a-c540-46f1-9949-dd169c1846e0.jpg?w=380&h=238&fm=jpg&auto=compress&fit=crop","price":"3.49","pricePer":"$1.74 / oz","purchaseUnit":"2 oz"},{"mainCategory":"Snacks","categoryName":"Healthy Food Inc. Kitchen","subCategoryName":"Pickles & Olives","title":"Pickled Red Onions","producer":"Healthy Food Inc. Kitchen","photoPath":"https://goodeggs4.imgix.net/5fd490f2-d8d2-41b1-9151-57806759d527.jpg?w=380&h=238&fm=jpg&auto=compress&fit=crop","price":"3.99","pricePer":"$0.99 / oz","purchaseUnit":"4 oz"},{"mainCategory":"Snacks","categoryName":"Healthy Food Inc. Kitchen","subCategoryName":"Pickles & Olives","title":"Castelvetrano Olives","producer":"Healthy Food Inc. Kitchen","photoPath":"https://goodeggs4.imgix.net/320d6970-6bc2-45e8-babf-62747b8c2825.jpg?w=380&h=238&fm=jpg&auto=compress&fit=crop","price":"5.99","pricePer":"$0.74 / oz","purchaseUnit":"8 oz"},{"mainCategory":"Snacks","categoryName":"Healthy Food Inc. Kitchen","subCategoryName":"Pickles & Olives","title":"Bread & Butter Pickles","producer":"Healthy Food Inc. Kitchen","photoPath":"https://goodeggs4.imgix.net/dc5d3512-a376-417f-bf37-0c4b5e0ac2bb.jpg?w=380&h=238&fm=jpg&auto=compress&fit=crop","price":"3.99","pricePer":"$1.33 / oz","purchaseUnit":"3 oz"},{"mainCategory":"Snacks","categoryName":"Healthy Food Inc. Kitchen","subCategoryName":"Pickles & Olives","title":"Pitted Kalamata Olives","producer":"Healthy Food Inc. Kitchen","photoPath":"https://goodeggs4.imgix.net/41ddd88f-a01b-40ef-9b9c-7a68212591f1.jpg?w=380&h=238&fm=jpg&auto=compress&fit=crop","price":"3.99","pricePer":"$1.99 / oz","purchaseUnit":"2 oz"},{"mainCategory":"Snacks","categoryName":"Healthy Food Inc. Kitchen","subCategoryName":"Salsa & Dips","title":"Guacamole","producer":"Healthy Food Inc. Kitchen","photoPath":"https://goodeggs4.imgix.net/1b8339d1-c001-4e5b-8faa-3c354bc0cbba.jpg?w=380&h=238&fm=jpg&auto=compress&fit=crop","price":"6.99","pricePer":"$0.69 / oz","purchaseUnit":"10 oz"},{"mainCategory":"Snacks","categoryName":"Healthy Food Inc. Kitchen","subCategoryName":"Salsa & Dips","title":"Pico de Gallo Salsa","producer":"Healthy Food Inc. Kitchen","photoPath":"https://goodeggs4.imgix.net/f587159b-1c42-4635-8b5b-e88fa4d10934.jpg?w=380&h=238&fm=jpg&auto=compress&fit=crop","price":"5.99","pricePer":"$0.49 / oz","purchaseUnit":"12 oz"},{"mainCategory":"Snacks","categoryName":"Healthy Food Inc. Kitchen","subCategoryName":"Salsa & Dips","title":"Salsa Verde","producer":"Healthy Food Inc. Kitchen","photoPath":"https://goodeggs4.imgix.net/f2d3e86d-9947-4bc4-ae58-59dd1e10b6b8.jpg?w=380&h=238&fm=jpg&auto=compress&fit=crop","price":"4.99","pricePer":"$1.24 / oz","purchaseUnit":"4 oz"},{"mainCategory":"Snacks","categoryName":"Healthy Food Inc. Kitchen","subCategoryName":"Salsa & Dips","title":"Red Pepper Walnut Dip","producer":"Healthy Food Inc. Kitchen","photoPath":"https://goodeggs4.imgix.net/17fee2bb-e751-4c0f-8000-7d262166c541.jpg?w=380&h=238&fm=jpg&auto=compress&fit=crop","price":"5.99","pricePer":"$0.74 / oz","purchaseUnit":"8 oz"},{"mainCategory":"Snacks","categoryName":"Healthy Food Inc. Kitchen","subCategoryName":"Salsa & Dips","title":"Heirloom Bean Dip","producer":"Healthy Food Inc. Kitchen","photoPath":"https://goodeggs4.imgix.net/63dba0d6-2df4-4ad5-9c0d-3acc33976d87.jpg?w=380&h=238&fm=jpg&auto=compress&fit=crop","price":"5.99","pricePer":"$0.59 / oz","purchaseUnit":"10 oz"},{"mainCategory":"Snacks","categoryName":"Healthy Food Inc. Kitchen","subCategoryName":"Salsa & Dips","title":"French Onion Dip","producer":"Healthy Food Inc. Kitchen","photoPath":"https://goodeggs4.imgix.net/5c5a18c4-e590-4fd0-ae62-f9e3ea9c6554.jpg?w=380&h=238&fm=jpg&auto=compress&fit=crop","price":"4.99","pricePer":"$0.62 / oz","purchaseUnit":"8 oz"},{"mainCategory":"Snacks","categoryName":"Healthy Food Inc. Kitchen","subCategoryName":"Salsa & Dips","title":"Pepita Salsa","producer":"Healthy Food Inc. Kitchen","photoPath":"https://goodeggs4.imgix.net/3b1d1777-118d-4cd9-8243-b34245cca3e1.jpg?w=380&h=238&fm=jpg&auto=compress&fit=crop","price":"4.99","pricePer":"$0.99 / oz","purchaseUnit":"5 oz"},{"mainCategory":"Snacks","categoryName":"Healthy Food Inc. Kitchen","subCategoryName":"Salsa & Dips","title":"Roasted Tomato Salsa","producer":"Healthy Food Inc. Kitchen","photoPath":"https://goodeggs4.imgix.net/a7dd67ce-ace6-4a5f-829e-3d2605dc1fd4.jpg?w=380&h=238&fm=jpg&auto=compress&fit=crop","price":"5.99","pricePer":"$0.49 / oz","purchaseUnit":"12 oz"},{"mainCategory":"Snacks","categoryName":"Healthy Food Inc. Kitchen","subCategoryName":"Salsa & Dips","title":"Avocado Lime Crema","producer":"Healthy Food Inc. Kitchen","photoPath":"https://goodeggs4.imgix.net/7563d3cd-d343-42d6-b750-d799d443e281.jpg?w=380&h=238&fm=jpg&auto=compress&fit=crop","price":"4.99","pricePer":"$0.99 / oz","purchaseUnit":"5 oz"},{"mainCategory":"Snacks","categoryName":"Healthy Food Inc. Kitchen","subCategoryName":"Salsa & Dips","title":"Black Bean Sauce","producer":"Healthy Food Inc. Kitchen","photoPath":"https://goodeggs4.imgix.net/b59cfbe7-84ff-4e43-bd12-58d20f844e6c.jpg?w=380&h=238&fm=jpg&auto=compress&fit=crop","price":"4.99","pricePer":"$0.99 / oz","purchaseUnit":"5 oz"},{"mainCategory":"Snacks","categoryName":"Healthy Food Inc. Kitchen","subCategoryName":"Salsa & Dips","title":"Filipino Adobo Marinade","producer":"Healthy Food Inc. Kitchen","photoPath":"https://goodeggs4.imgix.net/2e279e11-9f3a-44bd-a2eb-a84a085e0d87.jpg?w=380&h=238&fm=jpg&auto=compress&fit=crop","price":"4.99","pricePer":"$0.62 / oz","purchaseUnit":"8 oz"},{"mainCategory":"Snacks","categoryName":"Healthy Food Inc. Kitchen","subCategoryName":"Salsa & Dips","title":"Tomatillo Salsa","producer":"Healthy Food Inc. Kitchen","photoPath":"https://goodeggs4.imgix.net/5d03f9f5-89a4-4335-bb80-a4b1a89cd199.jpg?w=380&h=238&fm=jpg&auto=compress&fit=crop","price":"7.99","pricePer":"$0.66 / oz","purchaseUnit":"12 oz"},{"mainCategory":"Snacks","categoryName":"Healthy Food Inc. Kitchen","subCategoryName":"Nuts","title":"Toasted Pistachios","producer":"Healthy Food Inc. Kitchen","photoPath":"https://goodeggs4.imgix.net/c2303ae6-2393-4053-840a-04169f809c33.jpg?w=380&h=238&fm=jpg&auto=compress&fit=crop","price":"4.99","pricePer":"$39.92 / lb","purchaseUnit":"2 oz"},{"mainCategory":"Snacks","categoryName":"Healthy Food Inc. Kitchen","subCategoryName":"Nuts","title":"Toasted & Chopped Almonds","producer":"Healthy Food Inc. Kitchen","photoPath":"https://goodeggs4.imgix.net/ca35c3d4-e3dd-468c-9cd7-a6829b0188d2.jpg?w=380&h=238&fm=jpg&auto=compress&fit=crop","price":"3.29","pricePer":"$2.19 / oz","purchaseUnit":"1.5 oz"},{"mainCategory":"Snacks","categoryName":"Healthy Food Inc. Kitchen","subCategoryName":"Nuts","title":"Slivered Almonds","producer":"Healthy Food Inc. Kitchen","photoPath":"https://goodeggs4.imgix.net/7c1477ea-3ab7-4fa9-b058-abd9c837fa08.jpg?w=380&h=238&fm=jpg&auto=compress&fit=crop","price":"4.99","pricePer":"$19.96 / lb","purchaseUnit":"4 oz"},{"mainCategory":"Snacks","categoryName":"Healthy Food Inc. Kitchen","subCategoryName":"Nuts","title":"Chopped & Toasted Hazelnuts","producer":"Healthy Food Inc. Kitchen","photoPath":"https://goodeggs4.imgix.net/d0dee760-b627-4ac9-a6f6-4b66512d13e0.jpg?w=380&h=238&fm=jpg&auto=compress&fit=crop","price":"3.99","pricePer":"$1.99 / oz","purchaseUnit":"2 oz"},{"mainCategory":"Snacks","categoryName":"Healthy Food Inc. Kitchen","subCategoryName":"Nuts","title":"Raw Hazelnuts","producer":"Healthy Food Inc. Kitchen","photoPath":"https://goodeggs4.imgix.net/7f41e28d-de90-4b24-b723-6f2ca67750d8.jpg?w=380&h=238&fm=jpg&auto=compress&fit=crop","price":"9.99","pricePer":"$19.98 / lb","purchaseUnit":"8 oz"},{"mainCategory":"Snacks","categoryName":"Healthy Food Inc. Kitchen","subCategoryName":"Nuts","title":"Raw Pecans","producer":"Healthy Food Inc. Kitchen","photoPath":"https://goodeggs4.imgix.net/d73d06e4-4735-40d7-9816-c21c1a1f00f7.jpg?w=380&h=238&fm=jpg&auto=compress&fit=crop","price":"6.99","pricePer":"$27.96 / lb","purchaseUnit":"4 oz"},{"mainCategory":"Snacks","categoryName":"Healthy Food Inc. Kitchen","subCategoryName":"Nuts","title":"Crushed Peanuts","producer":"Healthy Food Inc. Kitchen","photoPath":"https://goodeggs4.imgix.net/9097894b-8a01-4341-a80c-df65e6596e84.jpg?w=380&h=238&fm=jpg&auto=compress&fit=crop","price":"2.99","pricePer":"$1.49 / oz","purchaseUnit":"2 oz"},{"mainCategory":"Snacks","categoryName":"Healthy Food Inc. Kitchen","subCategoryName":"Nuts","title":"Raw Cashews","producer":"Healthy Food Inc. Kitchen","photoPath":"https://goodeggs4.imgix.net/1dc59dbb-282d-4f6b-8bae-3c02a9bd4f09.jpg?w=380&h=238&fm=jpg&auto=compress&fit=crop","price":"5.99","pricePer":null,"purchaseUnit":"4 oz"},{"mainCategory":"Snacks","categoryName":"Healthy Food Inc. Kitchen","subCategoryName":"Nuts","title":"Toasted Pepitas","producer":"Healthy Food Inc. Kitchen","photoPath":"https://goodeggs4.imgix.net/9beb965d-0f56-480d-b93b-08647f2fbebf.jpg?w=380&h=238&fm=jpg&auto=compress&fit=crop","price":"4.29","pricePer":"$1.07 / oz","purchaseUnit":"4 oz"},{"mainCategory":"Snacks","categoryName":"Healthy Food Inc. Kitchen","subCategoryName":"Nuts","title":"Toasted Sesame Seeds","producer":"Healthy Food Inc. Kitchen","photoPath":"https://goodeggs4.imgix.net/b91686a2-082f-43ac-a340-308cdb4fb4c1.jpg?w=380&h=238&fm=jpg&auto=compress&fit=crop","price":"2.49","pricePer":"$9.96 / oz","purchaseUnit":"0.25 oz"},{"mainCategory":"Snacks","categoryName":"Bars","subCategoryName":"Granola Bar Multipacks","title":"Chocolate Chip DinoMite Granola Bars","producer":"This Saves Lives","photoPath":"https://goodeggs4.imgix.net/f02bfc3b-2bfe-454c-afe2-7b5839724f32.jpg?w=380&h=238&fm=jpg&auto=compress&fit=crop","price":"5.99","pricePer":"$1.35 / oz","purchaseUnit":"5 count"},{"mainCategory":"Snacks","categoryName":"Bars","subCategoryName":"Granola Bar Multipacks","title":"S'mores Blast Granola Bars","producer":"This Saves Lives","photoPath":"https://goodeggs4.imgix.net/faf1ce5f-a81f-451c-ae46-ad9558bff0de.jpg?w=380&h=238&fm=jpg&auto=compress&fit=crop","price":"5.99","pricePer":"$1.35 / oz","purchaseUnit":"5 count"},{"mainCategory":"Snacks","categoryName":"Bars","subCategoryName":"Granola Bar Multipacks","title":"Vanilla Crispy Rice Squares","producer":"MadeGood Foods","photoPath":"https://goodeggs4.imgix.net/8212a604-3407-44ee-99bb-526617a93cca.jpg?w=380&h=238&fm=jpg&auto=compress&fit=crop","price":"4.99","pricePer":"$1.06 / oz","purchaseUnit":"6 count"},{"mainCategory":"Snacks","categoryName":"Bars","subCategoryName":"Granola Bar Multipacks","title":"Chocolate Chip Crispy Rice Squares","producer":"MadeGood Foods","photoPath":"https://goodeggs4.imgix.net/bed49810-e918-432f-a4b5-ea5a7a0e818c.jpg?w=380&h=238&fm=jpg&auto=compress&fit=crop","price":"4.99","pricePer":"$1.06 / oz","purchaseUnit":"6 count"},{"mainCategory":"Snacks","categoryName":"Bars","subCategoryName":"Granola Bar Multipacks","title":"Organic Chocolate Chip Granola Bars","producer":"MadeGood Foods","photoPath":"https://goodeggs4.imgix.net/78c192ee-72fc-4bb5-9bf2-451a8edacf66.jpg?w=380&h=238&fm=jpg&auto=compress&fit=crop","price":"4.79","pricePer":"$0.93 / oz","purchaseUnit":"6 count"},{"mainCategory":"Snacks","categoryName":"Bars","subCategoryName":"Granola Bar Multipacks","title":"Organic Strawberry Granola Minis","producer":"MadeGood Foods","photoPath":"https://goodeggs4.imgix.net/e5e294d5-41d1-4279-9f73-f83ec07614ba.jpg?w=380&h=238&fm=jpg&auto=compress&fit=crop","price":"3.69","pricePer":"$1.08 / oz","purchaseUnit":"4 count"},{"mainCategory":"Snacks","categoryName":"Bars","subCategoryName":"Granola Bar Multipacks","title":"Organic Chocolate Chip Granola Minis","producer":"MadeGood Foods","photoPath":"https://goodeggs4.imgix.net/d337a6ec-a78f-435b-b130-8012f0e92070.jpg?w=380&h=238&fm=jpg&auto=compress&fit=crop","price":"3.69","pricePer":"$1.08 / oz","purchaseUnit":"4 count"},{"mainCategory":"Snacks","categoryName":"Bars","subCategoryName":"Granola Bar Multipacks","title":"Organic Mixed Berry Granola Bars","producer":"MadeGood Foods","photoPath":"https://goodeggs4.imgix.net/603e9807-3cd2-48b2-a27f-03268639e399.jpg?w=380&h=238&fm=jpg&auto=compress&fit=crop","price":"4.79","pricePer":"$0.93 / oz","purchaseUnit":"6 count"},{"mainCategory":"Snacks","categoryName":"Bars","subCategoryName":"Granola Bar Multipacks","title":"Organic Apple Cinnamon Granola Bars","producer":"MadeGood Foods","photoPath":"https://goodeggs4.imgix.net/92399c2f-049f-4d66-ab05-827f36663178.jpg?w=380&h=238&fm=jpg&auto=compress&fit=crop","price":"4.79","pricePer":"$0.93 / oz","purchaseUnit":"6 count"},{"mainCategory":"Snacks","categoryName":"Bars","subCategoryName":"Granola Bar Multipacks","title":"Organic Chocolate Banana Granola Bars","producer":"MadeGood Foods","photoPath":"https://goodeggs4.imgix.net/4434a374-2dbe-487c-9c5c-412cc16ebfe1.jpg?w=380&h=238&fm=jpg&auto=compress&fit=crop","price":"4.79","pricePer":"$0.93 / oz","purchaseUnit":"6 count"},{"mainCategory":"Snacks","categoryName":"Bars","subCategoryName":"Granola Bar Multipacks","title":"Organic Sweet & Salty Granola Bars","producer":"MadeGood Foods","photoPath":"https://goodeggs4.imgix.net/2f2eea4c-1fae-46af-a6a8-ce6b22cce654.jpg?w=380&h=238&fm=jpg&auto=compress&fit=crop","price":"4.79","pricePer":"$0.93 / oz","purchaseUnit":"6 count"},{"mainCategory":"Snacks","categoryName":"Bars","subCategoryName":"Granola Bar Multipacks","title":"Organic Apple Cinnamon Granola Minis","producer":"MadeGood Foods","photoPath":"https://goodeggs4.imgix.net/ab9f29ae-65da-407b-adfd-4cef48501a24.jpg?w=380&h=238&fm=jpg&auto=compress&fit=crop","price":"3.69","pricePer":"$1.08 / oz","purchaseUnit":"4 count"},{"mainCategory":"Snacks","categoryName":"Bars","subCategoryName":"Granola Bar Multipacks","title":"Organic Chocolate Banana Granola Minis","producer":"MadeGood Foods","photoPath":"https://goodeggs4.imgix.net/2a7dc7c4-81bf-400f-8b87-d4710255f9fd.jpg?w=380&h=238&fm=jpg&auto=compress&fit=crop","price":"3.69","pricePer":"$1.08 / oz","purchaseUnit":"4 count"},{"mainCategory":"Snacks","categoryName":"Bars","subCategoryName":"Granola Bar Multipacks","title":"Chocolate Superfood Bites","producer":"Kashi","photoPath":"https://goodeggs4.imgix.net/73546eda-549d-4a91-a643-35a972c8c925.jpg?w=380&h=238&fm=jpg&auto=compress&fit=crop","price":"5.99","pricePer":"$1.06 / oz","purchaseUnit":"5 count"},{"mainCategory":"Snacks","categoryName":"Bars","subCategoryName":"Fruit Snacks & Bars","title":"Whole Wheat Peach Apricot Bars","producer":"Bites2Go","photoPath":"https://goodeggs4.imgix.net/b3618f29-9a09-45d2-87c1-1d3b0604ebdb.jpg?w=380&h=238&fm=jpg&auto=compress&fit=crop","price":"5.49","pricePer":"$0.46 / oz","purchaseUnit":"6 count"},{"mainCategory":"Snacks","categoryName":"Bars","subCategoryName":"Fruit Snacks & Bars","title":"Whole Wheat Fig Bars","producer":"Bites2Go","photoPath":"https://goodeggs4.imgix.net/55538729-e7e1-4b7b-b08a-123fd8f2a2d5.jpg?w=380&h=238&fm=jpg&auto=compress&fit=crop","price":"5.49","pricePer":"$0.46 / oz","purchaseUnit":"6 count"},{"mainCategory":"Snacks","categoryName":"Bars","subCategoryName":"Fruit Snacks & Bars","title":"Organic Berry Patch Bunny Fruit Snacks (Vegan)","producer":"Annie's Homegrown","photoPath":"https://goodeggs4.imgix.net/6722206b-32d1-4c62-aeab-ef51b741b630.jpg?w=380&h=238&fm=jpg&auto=compress&fit=crop","price":"4.99","pricePer":"$1.24 / oz","purchaseUnit":"5 count"},{"mainCategory":"Snacks","categoryName":"Bars","subCategoryName":"Fruit Snacks & Bars","title":"Organic Variety Pack Fruit Tape (Vegan)","producer":"Annie's Homegrown","photoPath":"https://goodeggs4.imgix.net/38a3b988-5a3c-4be6-9e86-c8cd305a9ea5.jpg?w=380&h=238&fm=jpg&auto=compress&fit=crop","price":"7.99","pricePer":"$0.88 / oz","purchaseUnit":"12 count"},{"mainCategory":"Snacks","categoryName":"Bars","subCategoryName":"Fruit Snacks & Bars","title":"Organic Tropical Treat Bunny Fruit Snacks (Vegan)","producer":"Annie's Homegrown","photoPath":"https://goodeggs4.imgix.net/855df386-6f3d-47e7-956a-505f455dd5b8.jpg?w=380&h=238&fm=jpg&auto=compress&fit=crop","price":"4.99","pricePer":"$1.24 / oz","purchaseUnit":"5 count"},{"mainCategory":"Snacks","categoryName":"Bars","subCategoryName":"Fruit Snacks & Bars","title":"Organic Bendy Berry Fruit Tape (Vegan)","producer":"Annie's Homegrown","photoPath":"https://goodeggs4.imgix.net/608c4f54-fd99-4b64-9bca-297d61dbf6a2.jpg?w=380&h=238&fm=jpg&auto=compress&fit=crop","price":"4.99","pricePer":"$1.10 / oz","purchaseUnit":"6 count"},{"mainCategory":"Snacks","categoryName":"Bars","subCategoryName":"Fruit Snacks & Bars","title":"Pineapple Passionfruit Layered Fruit Bar","producer":"Pure Organic","photoPath":"https://goodeggs4.imgix.net/849a086b-36a9-401c-8211-cc99a1b92579.jpg?w=380&h=238&fm=jpg&auto=compress&fit=crop","price":"0.99","pricePer":"$1.57 / oz","purchaseUnit":"1 count"},{"mainCategory":"Snacks","categoryName":"Bars","subCategoryName":"Fruit Snacks & Bars","title":"Strawberry Banana Layered Fruit Bar","producer":"Pure Organic","photoPath":"https://goodeggs4.imgix.net/99186950-16db-4fbb-8dc0-47fbde7a51ae.jpg?w=380&h=238&fm=jpg&auto=compress&fit=crop","price":"0.99","pricePer":"$1.57 / oz","purchaseUnit":"1 count"},{"mainCategory":"Snacks","categoryName":"Bars","subCategoryName":"Fruit Snacks & Bars","title":"Organic Mango Fruit Jerky","producer":"Solely","photoPath":"https://goodeggs4.imgix.net/e9cdc914-c4ec-41ee-9644-89335d0e1e3f.jpg?w=380&h=238&fm=jpg&auto=compress&fit=crop","price":"1.69","pricePer":"$2.11 / oz","purchaseUnit":"1 count"},{"mainCategory":"Snacks","categoryName":"Bars","subCategoryName":"Fruit Snacks & Bars","title":"Organic Pineapple Fruit Jerky","producer":"Solely","photoPath":"https://goodeggs4.imgix.net/b94609ae-9cb0-4583-b7d1-08d942a038cc.jpg?w=380&h=238&fm=jpg&auto=compress&fit=crop","price":"1.69","pricePer":"$2.11 / oz","purchaseUnit":"1 count"},{"mainCategory":"Snacks","categoryName":"Bars","subCategoryName":"Fruit Snacks & Bars","title":"Organic Pineapple & Coconut Fruit Jerky","producer":"Solely","photoPath":"https://goodeggs4.imgix.net/a47033d9-1022-4424-a22a-26895d882512.jpg?w=380&h=238&fm=jpg&auto=compress&fit=crop","price":"1.69","pricePer":"$2.11 / oz","purchaseUnit":"1 count"},{"mainCategory":"Snacks","categoryName":"Bars","subCategoryName":"Fruit Snacks & Bars","title":"Organic Banana & Cacao Fruit Jerky","producer":"Solely","photoPath":"https://goodeggs4.imgix.net/3898dc15-8ad0-45a5-b99b-ddf6138fcba7.jpg?w=380&h=238&fm=jpg&auto=compress&fit=crop","price":"1.69","pricePer":"$2.11 / oz","purchaseUnit":"1 count"},{"mainCategory":"Snacks","categoryName":"Bars","subCategoryName":"Fruit Snacks & Bars","title":"Organic Mango & Almond Bar","producer":"Patagonia Provisions","photoPath":"https://goodeggs4.imgix.net/5f28ebc2-f737-4f0a-b1cc-b062e67a74d1.jpg?w=380&h=238&fm=jpg&auto=compress&fit=crop","price":"2.49","pricePer":"$2.07 / oz","purchaseUnit":"1.2 oz"},{"mainCategory":"Snacks","categoryName":"Bars","subCategoryName":"Fruit Snacks & Bars","title":"Organic Apricot & Almond Bar","producer":"Patagonia Provisions","photoPath":"https://goodeggs4.imgix.net/51cbe1a3-fe51-4451-9ac5-aa68831878ac.jpg?w=380&h=238&fm=jpg&auto=compress&fit=crop","price":"2.49","pricePer":"$2.07 / oz","purchaseUnit":"1.2 oz"},{"mainCategory":"Snacks","categoryName":"Bars","subCategoryName":"Fruit Snacks & Bars","title":"Organic Inca Berry & Almond Bar","producer":"Patagonia Provisions","photoPath":"https://goodeggs4.imgix.net/f609be39-7044-4da0-a9e7-5d3dfe158c98.jpg?w=380&h=238&fm=jpg&auto=compress&fit=crop","price":"2.49","pricePer":"$2.07 / oz","purchaseUnit":"1.2 oz"},{"mainCategory":"Snacks","categoryName":"Bars","subCategoryName":"Snack Bars","title":"Milk Chocolate Peanut Butter Cups","producer":"Perfect Bar","photoPath":"https://goodeggs4.imgix.net/c6143952-79ba-4bc1-bfff-a3f0b701d6f8.jpg?w=380&h=238&fm=jpg&auto=compress&fit=crop","price":"2.99","pricePer":"$2.13 / oz","purchaseUnit":"1.4 oz"},{"mainCategory":"Snacks","categoryName":"Bars","subCategoryName":"Snack Bars","title":"Dark Chocolate & Sea Salt Peanut Butter Cups","producer":"Perfect Bar","photoPath":"https://goodeggs4.imgix.net/90d4a420-57a4-49e2-83ab-13705634db2a.jpg?w=380&h=238&fm=jpg&auto=compress&fit=crop","price":"2.99","pricePer":"$2.13 / oz","purchaseUnit":"1.4 oz"},{"mainCategory":"Snacks","categoryName":"Bars","subCategoryName":"Snack Bars","title":"Organic Superfood Bar (Vegan)","producer":"Urban Remedy","photoPath":"https://goodeggs4.imgix.net/f2fd716d-e1ea-49b5-b027-71baae25ad3c.jpg?w=380&h=238&fm=jpg&auto=compress&fit=crop","price":"3.99","pricePer":"$2.21 / oz","purchaseUnit":"1.8 oz"},{"mainCategory":"Snacks","categoryName":"Bars","subCategoryName":"Snack Bars","title":"Coconut, Almond Butter & Chocolate Chip Macro Bar","producer":"GoMacro","photoPath":"https://goodeggs4.imgix.net/67ce0aaf-ec71-4855-b817-e514e109febc.jpg?w=380&h=238&fm=jpg&auto=compress&fit=crop","price":"2.69","pricePer":"$1.34 / oz","purchaseUnit":"2 oz"},{"mainCategory":"Snacks","categoryName":"Bars","subCategoryName":"Snack Bars","title":"Cherries & Berries Macro Bar","producer":"GoMacro","photoPath":"https://goodeggs4.imgix.net/c404b358-6d0a-4623-857b-e45b30d781e4.jpg?w=380&h=238&fm=jpg&auto=compress&fit=crop","price":"2.69","pricePer":"$1.34 / oz","purchaseUnit":"2 oz"},{"mainCategory":"Snacks","categoryName":"Bars","subCategoryName":"Snack Bars","title":"Mocha Chocolate Chip Macro Bar","producer":"GoMacro","photoPath":"https://goodeggs4.imgix.net/fca121ac-1e3d-488a-ae33-19861aaf79a4.jpg?w=380&h=238&fm=jpg&auto=compress&fit=crop","price":"2.49","pricePer":"$1.24 / oz","purchaseUnit":"2 oz"},{"mainCategory":"Snacks","categoryName":"Bars","subCategoryName":"Snack Bars","title":"Organic Nut Butter Filled Chocolate Peanut Butter Bar","producer":"Clif Bar","photoPath":"https://goodeggs4.imgix.net/59c51be4-6b71-4dcb-9770-0ce111eb79d5.jpg?w=380&h=238&fm=jpg&auto=compress&fit=crop","price":"1.99","pricePer":"$1.13 / oz","purchaseUnit":"1.76 oz"},{"mainCategory":"Snacks","categoryName":"Bars","subCategoryName":"Snack Bars","title":"Organic Tart Cherry Berry Fruit Smoothie Filled Bar","producer":"Clif Bar","photoPath":"https://goodeggs4.imgix.net/9d9cf731-1fc4-4f26-83b2-5f0d9cbb13c4.jpg?w=380&h=238&fm=jpg&auto=compress&fit=crop","price":"1.99","pricePer":"$1.13 / oz","purchaseUnit":"1.76 oz"},{"mainCategory":"Snacks","categoryName":"Bars","subCategoryName":"Snack Bars","title":"Organic Nut Butter Filled Coconut Almond Butter Bar","producer":"Clif Bar","photoPath":"https://goodeggs4.imgix.net/2725c5cb-9984-4e15-838b-ad8aab8bab2d.jpg?w=380&h=238&fm=jpg&auto=compress&fit=crop","price":"1.99","pricePer":"$1.13 / oz","purchaseUnit":"1.76 oz"},{"mainCategory":"Snacks","categoryName":"Bars","subCategoryName":"Snack Bars","title":"Dark Chocolate Chip Bar (Vegan, Gluten-Free)","producer":"The YES Bar","photoPath":"https://goodeggs4.imgix.net/899a5256-2271-408b-a449-1a17b0d6fd28.jpg?w=380&h=238&fm=jpg&auto=compress&fit=crop","price":"2.69","pricePer":"$1.92 / oz","purchaseUnit":"1.4 oz"},{"mainCategory":"Snacks","categoryName":"Bars","subCategoryName":"Snack Bars","title":"Black Sesame Sea Salt Bar (Vegan, Gluten-Free)","producer":"The YES Bar","photoPath":"https://goodeggs4.imgix.net/66fa8369-d39a-4005-af05-bb12771d53ed.jpg?w=380&h=238&fm=jpg&auto=compress&fit=crop","price":"2.69","pricePer":"$1.92 / oz","purchaseUnit":"1.4 oz"},{"mainCategory":"Snacks","categoryName":"Bars","subCategoryName":"Snack Bars","title":"Strawberry Almond Coconut Bar (Vegan, Gluten-Free)","producer":"The YES Bar","photoPath":"https://goodeggs4.imgix.net/ce0c9804-d9da-44cd-9435-5ae4717cab5d.jpg?w=380&h=238&fm=jpg&auto=compress&fit=crop","price":"2.69","pricePer":"$1.92 / oz","purchaseUnit":"1.4 oz"},{"mainCategory":"Snacks","categoryName":"Bars","subCategoryName":"Snack Bars","title":"Salted Maple Pecan Bar (Vegan, Gluten-Free)","producer":"The YES Bar","photoPath":"https://goodeggs4.imgix.net/d33e87fb-5ac3-4542-bb44-3feb4aabcd3a.jpg?w=380&h=238&fm=jpg&auto=compress&fit=crop","price":"2.69","pricePer":"$1.92 / oz","purchaseUnit":"1.4 oz"},{"mainCategory":"Snacks","categoryName":"Bars","subCategoryName":"Snack Bars","title":"Macadamia Cherry Chocolate Bar (Vegan, Gluten-Free)","producer":"The YES Bar","photoPath":"https://goodeggs4.imgix.net/9ae5f98f-d290-491f-b1a4-d459c0cdd619.jpg?w=380&h=238&fm=jpg&auto=compress&fit=crop","price":"2.69","pricePer":"$1.92 / oz","purchaseUnit":"1.4 oz"},{"mainCategory":"Snacks","categoryName":"Bars","subCategoryName":"Snack Bars","title":"Organic Peanut Butter Chocolate Probiotic Oat Bar","producer":"CORE Foods","photoPath":"https://goodeggs4.imgix.net/31bd8952-de3e-4cf2-9dcc-85dd8b1992ba.jpg?w=380&h=238&fm=jpg&auto=compress&fit=crop","price":"2.99","pricePer":"$1.49 / oz","purchaseUnit":"2 oz"},{"mainCategory":"Snacks","categoryName":"Bars","subCategoryName":"Snack Bars","title":"Organic Dark Chocolate Cherry Probiotic Oat Bar","producer":"CORE Foods","photoPath":"https://goodeggs4.imgix.net/73d2fde0-ce75-41e5-b27d-46b6c9f6fbde.jpg?w=380&h=238&fm=jpg&auto=compress&fit=crop","price":"2.99","pricePer":"$1.49 / oz","purchaseUnit":"2 oz"},{"mainCategory":"Snacks","categoryName":"Bars","subCategoryName":"Snack Bars","title":"Organic Blueberry Banana Almond Probiotic Oat Bar","producer":"CORE Foods","photoPath":"https://goodeggs4.imgix.net/8c817e45-c81b-4b10-beb7-e01ad3e21358.jpg?w=380&h=238&fm=jpg&auto=compress&fit=crop","price":"2.99","pricePer":"$1.49 / oz","purchaseUnit":"2 oz"},{"mainCategory":"Snacks","categoryName":"Bars","subCategoryName":"Snack Bars","title":"Organic Peanut Butter Probiotic Oat Bar","producer":"CORE Foods","photoPath":"https://goodeggs4.imgix.net/28cdd7b2-9ec5-47e5-9b46-d39a1977e513.jpg?w=380&h=238&fm=jpg&auto=compress&fit=crop","price":"2.99","pricePer":"$1.49 / oz","purchaseUnit":"2 oz"},{"mainCategory":"Snacks","categoryName":"Bars","subCategoryName":"Energy Bars","title":"Organic Vegan Matcha Energy Bar","producer":"Urban Remedy","photoPath":"https://goodeggs4.imgix.net/0ff3547b-0301-4a88-8c4e-c49cfa9398e2.jpg?w=380&h=238&fm=jpg&auto=compress&fit=crop","price":"3.99","pricePer":"$2.49 / oz","purchaseUnit":"1.6 oz"},{"mainCategory":"Snacks","categoryName":"Bars","subCategoryName":"Energy Bars","title":"Luna Lemon Zest Bar","producer":"Clif Bar","photoPath":"https://goodeggs4.imgix.net/ce921c32-58af-47a3-b668-3baaf3e27f56.jpg?w=380&h=238&fm=jpg&auto=compress&fit=crop","price":"1.69","pricePer":"$0.96 / oz","purchaseUnit":"1.76 oz"},{"mainCategory":"Snacks","categoryName":"Bars","subCategoryName":"Energy Bars","title":"Luna Chocolate Peppermint Stick Bar","producer":"Clif Bar","photoPath":"https://goodeggs4.imgix.net/1ab40958-d8fd-43a9-9b8e-1b4cb4e77998.jpg?w=380&h=238&fm=jpg&auto=compress&fit=crop","price":"1.69","pricePer":"$1.00 / oz","purchaseUnit":"1.69 oz"},{"mainCategory":"Snacks","categoryName":"Bars","subCategoryName":"Energy Bars","title":"Crunchy Peanut Butter","producer":"Clif Bar","photoPath":"https://goodeggs4.imgix.net/97bf7dd8-acc9-4aed-9f11-647b47c2a645.jpg?w=380&h=238&fm=jpg&auto=compress&fit=crop","price":"1.69","pricePer":"$0.70 / oz","purchaseUnit":"2.4 oz"},{"mainCategory":"Snacks","categoryName":"Bars","subCategoryName":"Energy Bars","title":"Luna Chocolate Dipped Coconut Bar","producer":"Clif Bar","photoPath":"https://goodeggs4.imgix.net/ee383a66-eabe-481f-8b54-6d7a32c9eafd.jpg?w=380&h=238&fm=jpg&auto=compress&fit=crop","price":"1.69","pricePer":"$1.00 / oz","purchaseUnit":"1.69 oz"},{"mainCategory":"Snacks","categoryName":"Bars","subCategoryName":"Energy Bars","title":"Case of Chocolate Chip Bars","producer":"Clif Bar","photoPath":"https://goodeggs4.imgix.net/e2777485-ae6c-42ff-a67f-45a87a8e0dd6.jpg?w=380&h=238&fm=jpg&auto=compress&fit=crop","price":"9.99","pricePer":"$0.69 / oz","purchaseUnit":"6 count"},{"mainCategory":"Snacks","categoryName":"Bars","subCategoryName":"Energy Bars","title":"Cool Mint Chocolate","producer":"Clif Bar","photoPath":"https://goodeggs4.imgix.net/5628a249-d362-418e-8610-fa1dd8b1d48e.jpg?w=380&h=238&fm=jpg&auto=compress&fit=crop","price":"1.69","pricePer":"$0.70 / oz","purchaseUnit":"2.4 oz"},{"mainCategory":"Snacks","categoryName":"Bars","subCategoryName":"Energy Bars","title":"Chocolate Brownie Bar","producer":"Clif Bar","photoPath":"https://goodeggs4.imgix.net/526aa4c2-bc16-4351-baec-0c7fc1f61a33.jpg?w=380&h=238&fm=jpg&auto=compress&fit=crop","price":"1.69","pricePer":"$0.70 / oz","purchaseUnit":"2.4 oz"},{"mainCategory":"Snacks","categoryName":"Bars","subCategoryName":"Energy Bars","title":"White Chocolate Macadamia Nut","producer":"Clif Bar","photoPath":"https://goodeggs4.imgix.net/2560a27d-5c13-4d55-a904-df41646abb5c.jpg?w=380&h=238&fm=jpg&auto=compress&fit=crop","price":"1.69","pricePer":"$0.70 / oz","purchaseUnit":"2.4 oz"},{"mainCategory":"Snacks","categoryName":"Bars","subCategoryName":"Energy Bars","title":"Case of White Chocolate Macadamia Nut Bars","producer":"Clif Bar","photoPath":"https://goodeggs4.imgix.net/ac1ea60c-554d-4fcb-90dc-6a421bcd1e7c.jpg?w=380&h=238&fm=jpg&auto=compress&fit=crop","price":"9.99","pricePer":"$0.69 / oz","purchaseUnit":"6 count"},{"mainCategory":"Snacks","categoryName":"Bars","subCategoryName":"Energy Bars","title":"Chocolate Chip","producer":"Clif Bar","photoPath":"https://goodeggs4.imgix.net/b6cd1428-0d9c-4d62-a5d7-753defca8608.jpg?w=380&h=238&fm=jpg&auto=compress&fit=crop","price":"1.69","pricePer":"$0.70 / oz","purchaseUnit":"2.4 oz"},{"mainCategory":"Snacks","categoryName":"Bars","subCategoryName":"Granola & Grain Bars","title":"Salty Peanut Awesome Bar","producer":"Awesome Bars","photoPath":"https://goodeggs4.imgix.net/cad58487-c933-440b-bcce-fafb22adce81.jpg?w=380&h=238&fm=jpg&auto=compress&fit=crop","price":"2.69","pricePer":"$1.22 / oz","purchaseUnit":"2.2 oz"},{"mainCategory":"Snacks","categoryName":"Bars","subCategoryName":"Granola & Grain Bars","title":"Cherry Almond Awesome Bar","producer":"Awesome Bars","photoPath":"https://goodeggs4.imgix.net/66988d49-cad7-4f32-9da3-e7de02233c10.jpg?w=380&h=238&fm=jpg&auto=compress&fit=crop","price":"2.69","pricePer":"$1.07 / oz","purchaseUnit":"2.5 oz"},{"mainCategory":"Snacks","categoryName":"Bars","subCategoryName":"Granola & Grain Bars","title":"Banana Walnut Awesome Bar","producer":"Awesome Bars","photoPath":"https://goodeggs4.imgix.net/176cffdd-8dc5-41c7-bf2a-ba24ec8d3fcc.jpg?w=380&h=238&fm=jpg&auto=compress&fit=crop","price":"2.69","pricePer":"$1.22 / oz","purchaseUnit":"2.2 oz"},{"mainCategory":"Snacks","categoryName":"Bars","subCategoryName":"Granola & Grain Bars","title":"Blueberry Almond Awesome Bar","producer":"Awesome Bars","photoPath":"https://goodeggs4.imgix.net/d5998bda-fcea-4913-8044-d8ea48d0418b.jpg?w=380&h=238&fm=jpg&auto=compress&fit=crop","price":"2.69","pricePer":"$1.12 / oz","purchaseUnit":"2.4 oz"},{"mainCategory":"Snacks","categoryName":"Bars","subCategoryName":"Granola & Grain Bars","title":"Coconut Pecan Awesome Bar","producer":"Awesome Bars","photoPath":"https://goodeggs4.imgix.net/dca8a159-a544-4537-8026-7664aa0587b2.jpg?w=380&h=238&fm=jpg&auto=compress&fit=crop","price":"2.69","pricePer":"$1.12 / oz","purchaseUnit":"2.4 oz"},{"mainCategory":"Snacks","categoryName":"Bars","subCategoryName":"Granola & Grain Bars","title":"Cranberry Trail Mix Awesome Bar","producer":"Awesome Bars","photoPath":"https://goodeggs4.imgix.net/cd3fca8b-0b45-400c-b8c2-c7546a6b8ecd.jpg?w=380&h=238&fm=jpg&auto=compress&fit=crop","price":"2.69","pricePer":"$1.12 / oz","purchaseUnit":"2.4 oz"},{"mainCategory":"Snacks","categoryName":"Bars","subCategoryName":"Granola & Grain Bars","title":"Gluten-Free Ocean Beach Bar","producer":"Nana Joes Granola","photoPath":"https://goodeggs4.imgix.net/10a00f24-01e1-4c8d-b823-93948ae21ec0.jpg?w=380&h=238&fm=jpg&auto=compress&fit=crop","price":"3.79","pricePer":"$2.52 / oz","purchaseUnit":"1.5 oz"},{"mainCategory":"Snacks","categoryName":"Bars","subCategoryName":"Granola & Grain Bars","title":"Gluten-Free Stoke Bar","producer":"Nana Joes Granola","photoPath":"https://goodeggs4.imgix.net/0f003f66-a95f-4238-b060-1522181005f0.jpg?w=380&h=238&fm=jpg&auto=compress&fit=crop","price":"3.79","pricePer":"$2.52 / oz","purchaseUnit":"1.5 oz"},{"mainCategory":"Snacks","categoryName":"Bars","subCategoryName":"Granola & Grain Bars","title":"Gluten-Free, Grain-Free Swell Bar","producer":"Nana Joes Granola","photoPath":"https://goodeggs4.imgix.net/322dc84d-d8d2-4694-b7b2-a83157718191.jpg?w=380&h=238&fm=jpg&auto=compress&fit=crop","price":"3.79","pricePer":"$2.52 / oz","purchaseUnit":"1.5 oz"},{"mainCategory":"Snacks","categoryName":"Bars","subCategoryName":"Granola & Grain Bars","title":"Gluten-Free Vanilla, Almond & Honey Granola Bar","producer":"This Saves Lives","photoPath":"https://goodeggs4.imgix.net/e81765fb-2b4f-450c-997b-b1a12a255132.jpg?w=380&h=238&fm=jpg&auto=compress&fit=crop","price":"1.99","pricePer":"$1.42 / oz","purchaseUnit":"1.4 oz"},{"mainCategory":"Snacks","categoryName":"Bars","subCategoryName":"Granola & Grain Bars","title":"Gluten-Free Dark Chocolate & Cherry Granola Bar","producer":"This Saves Lives","photoPath":"https://goodeggs4.imgix.net/d2597175-afbc-44e7-a3f7-54e5760fac04.jpg?w=380&h=238&fm=jpg&auto=compress&fit=crop","price":"1.99","pricePer":"$1.42 / oz","purchaseUnit":"1.4 oz"},{"mainCategory":"Snacks","categoryName":"Bars","subCategoryName":"Bites","title":"Cookie Dough Protein Bites","producer":"Siren Snacks","photoPath":"https://goodeggs4.imgix.net/eb2e84ff-0778-4644-98a2-ff5186067d1b.jpg?w=380&h=238&fm=jpg&auto=compress&fit=crop","price":"2.99","pricePer":"$1.75 / oz","purchaseUnit":"1.7 oz"},{"mainCategory":"Snacks","categoryName":"Bars","subCategoryName":"Bites","title":"Organic Chewy Peanut Butter Banana Bites","producer":"Barnana","photoPath":"https://goodeggs4.imgix.net/38683d6a-0675-42f5-8692-989ddf4991e4.jpg?w=380&h=238&fm=jpg&auto=compress&fit=crop","price":"4.99","pricePer":"$1.42 / oz","purchaseUnit":"3.5 oz"},{"mainCategory":"Snacks","categoryName":"Bars","subCategoryName":"Bites","title":"Organic Chewy Coconut Banana Bites","producer":"Barnana","photoPath":"https://goodeggs4.imgix.net/962b724c-23e0-4620-a8f1-0f95f1ac996f.jpg?w=380&h=238&fm=jpg&auto=compress&fit=crop","price":"4.99","pricePer":"$1.42 / oz","purchaseUnit":"3.5 oz"},{"mainCategory":"Snacks","categoryName":"Bars","subCategoryName":"Bites","title":"Organic Chewy Dark Chocolate Banana Bites","producer":"Barnana","photoPath":"https://goodeggs4.imgix.net/336ff934-d39c-4758-b072-2a6d73b0fe3f.jpg?w=380&h=238&fm=jpg&auto=compress&fit=crop","price":"4.99","pricePer":"$1.42 / oz","purchaseUnit":"3.5 oz"},{"mainCategory":"Snacks","categoryName":"Bars","subCategoryName":"Bites","title":"Organic Original Chewy Banana Bites","producer":"Barnana","photoPath":"https://goodeggs4.imgix.net/5d1811c2-758f-496f-a503-ee05073f23fd.jpg?w=380&h=238&fm=jpg&auto=compress&fit=crop","price":"4.99","pricePer":"$1.42 / oz","purchaseUnit":"3.5 oz"},{"mainCategory":"Snacks","categoryName":"Bars","subCategoryName":"Bites","title":"Dark Chocolate Peanut Butter Bites","producer":"The Gluten Free Bar","photoPath":"https://goodeggs4.imgix.net/57cf6ac7-8043-4d8b-871e-6afcd3140940.jpg?w=380&h=238&fm=jpg&auto=compress&fit=crop","price":"4.99","pricePer":"$1.24 / oz","purchaseUnit":"4 oz"},{"mainCategory":"Snacks","categoryName":"Bars","subCategoryName":"Bites","title":"Coconut Cashew Crunch Bites","producer":"The Gluten Free Bar","photoPath":"https://goodeggs4.imgix.net/351cf39f-36d8-4112-b49e-6bfe0213bf06.jpg?w=380&h=238&fm=jpg&auto=compress&fit=crop","price":"4.99","pricePer":"$1.24 / oz","purchaseUnit":"4 oz"},{"mainCategory":"Snacks","categoryName":"Bars","subCategoryName":"Bites","title":"Dark Chocolate Coconut Bites","producer":"The Gluten Free Bar","photoPath":"https://goodeggs4.imgix.net/28be900a-03ea-453b-aae4-49c03ffc7ddd.jpg?w=380&h=238&fm=jpg&auto=compress&fit=crop","price":"4.99","pricePer":"$1.24 / oz","purchaseUnit":"4 oz"},{"mainCategory":"Snacks","categoryName":"Bars","subCategoryName":"Bites","title":"Chocolate Cherry Almond Bites","producer":"The Gluten Free Bar","photoPath":"https://goodeggs4.imgix.net/3e3ca01a-7022-410f-8455-2b3e2f68594a.jpg?w=380&h=238&fm=jpg&auto=compress&fit=crop","price":"4.99","pricePer":"$1.24 / oz","purchaseUnit":"4 oz"},{"mainCategory":"Snacks","categoryName":"Bars","subCategoryName":"Bites","title":"Organic Cacao Goji Power Snacks","producer":"Navitas Organics","photoPath":"https://goodeggs4.imgix.net/9e486c46-89b2-4b21-8cf3-a989c1087856.jpg?w=380&h=238&fm=jpg&auto=compress&fit=crop","price":"9.99","pricePer":"$1.24 / oz","purchaseUnit":"8 oz"},{"mainCategory":"Snacks","categoryName":"Bars","subCategoryName":"Bites","title":"Organic Blueberry Hemp Power Snacks","producer":"Navitas Organics","photoPath":"https://goodeggs4.imgix.net/6f9c4175-2e72-4c15-885b-b49f76aa4041.jpg?w=380&h=238&fm=jpg&auto=compress&fit=crop","price":"9.99","pricePer":"$1.24 / oz","purchaseUnit":"8 oz"},{"mainCategory":"Snacks","categoryName":"Bars","subCategoryName":"Protein Bars","title":"Organic Dark Chocolate Chip Peanut Butter Bar","producer":"Perfect Bar","photoPath":"https://goodeggs4.imgix.net/3c8a8eeb-4c18-4a46-94e0-d68659feaba0.jpg?w=380&h=238&fm=jpg&auto=compress&fit=crop","price":"2.99","pricePer":"$1.30 / oz","purchaseUnit":"2.3 oz"},{"mainCategory":"Snacks","categoryName":"Bars","subCategoryName":"Protein Bars","title":"Organic Peanut Butter Bar","producer":"Perfect Bar","photoPath":"https://goodeggs4.imgix.net/2b511609-4d5b-4e5f-b338-ed2634121c90.jpg?w=380&h=238&fm=jpg&auto=compress&fit=crop","price":"2.99","pricePer":"$1.19 / oz","purchaseUnit":"2.5 oz"},{"mainCategory":"Snacks","categoryName":"Bars","subCategoryName":"Protein Bars","title":"Organic Coconut Peanut Butter Bar","producer":"Perfect Bar","photoPath":"https://goodeggs4.imgix.net/2bafb6d4-28a3-4f66-bb06-754ce7729790.jpg?w=380&h=238&fm=jpg&auto=compress&fit=crop","price":"2.99","pricePer":"$1.19 / oz","purchaseUnit":"2.5 oz"},{"mainCategory":"Snacks","categoryName":"Bars","subCategoryName":"Protein Bars","title":"Almond Butter Bar","producer":"Perfect Bar","photoPath":"https://goodeggs4.imgix.net/e8108825-b189-4d41-8023-727598e552e4.jpg?w=380&h=238&fm=jpg&auto=compress&fit=crop","price":"2.99","pricePer":"$1.30 / oz","purchaseUnit":"2.3 oz"},{"mainCategory":"Snacks","categoryName":"Bars","subCategoryName":"Protein Bars","title":"Case of Organic Peanut Butter Bars","producer":"Perfect Bar","photoPath":"https://goodeggs4.imgix.net/eea82bc5-0df9-4511-bc73-21aaaccdfd42.jpg?w=380&h=238&fm=jpg&auto=compress&fit=crop","price":"22.99","pricePer":"$1.14 / oz","purchaseUnit":"8 count"},{"mainCategory":"Snacks","categoryName":"Bars","subCategoryName":"Protein Bars","title":"Dark Chocolate Almond Bar","producer":"Perfect Bar","photoPath":"https://goodeggs4.imgix.net/2bb1bf11-6aed-4c26-94c6-2ab4b6a70e72.jpg?w=380&h=238&fm=jpg&auto=compress&fit=crop","price":"2.99","pricePer":"$1.35 / oz","purchaseUnit":"2.2 oz"},{"mainCategory":"Snacks","categoryName":"Bars","subCategoryName":"Protein Bars","title":"Case of Almond Butter Bars","producer":"Perfect Bar","photoPath":"https://goodeggs4.imgix.net/8dd0dcf0-b413-43f6-a115-37001c6f13fd.jpg?w=380&h=238&fm=jpg&auto=compress&fit=crop","price":"22.99","pricePer":"$1.24 / oz","purchaseUnit":"8 count"},{"mainCategory":"Snacks","categoryName":"Bars","subCategoryName":"Protein Bars","title":"Banana & Almond Butter Macro Bar","producer":"GoMacro","photoPath":"https://goodeggs4.imgix.net/61209387-744c-4c85-a3ed-af835d672d98.jpg?w=380&h=238&fm=jpg&auto=compress&fit=crop","price":"2.69","pricePer":"$1.16 / oz","purchaseUnit":"2.3 oz"},{"mainCategory":"Snacks","categoryName":"Bars","subCategoryName":"Protein Bars","title":"Peanut Butter Chocolate Chip Macro Bar","producer":"GoMacro","photoPath":"https://goodeggs4.imgix.net/0dc7311c-5e81-483d-b62d-0b40854cbfd6.jpg?w=380&h=238&fm=jpg&auto=compress&fit=crop","price":"2.69","pricePer":"$1.34 / oz","purchaseUnit":"2 oz"},{"mainCategory":"Snacks","categoryName":"Bars","subCategoryName":"Protein Bars","title":"Sunflower Butter & Chocolate Macro Bar","producer":"GoMacro","photoPath":"https://goodeggs4.imgix.net/c24651ae-4138-40fa-bac8-a9fd3994bb72.jpg?w=380&h=238&fm=jpg&auto=compress&fit=crop","price":"2.49","pricePer":"$1.24 / oz","purchaseUnit":"2 oz"},{"mainCategory":"Snacks","categoryName":"Bars","subCategoryName":"Protein Bars","title":"Dark Chocolate & Almonds Macro Bar","producer":"GoMacro","photoPath":"https://goodeggs4.imgix.net/c967636d-ff18-4d09-a660-34591bbb17ae.jpg?w=380&h=238&fm=jpg&auto=compress&fit=crop","price":"2.69","pricePer":"$1.34 / oz","purchaseUnit":"2 oz"},{"mainCategory":"Snacks","categoryName":"Bars","subCategoryName":"Protein Bars","title":"Chocolate Mint Protein Bar","producer":"Aloha ","photoPath":"https://goodeggs4.imgix.net/7e2b19f7-987c-47c0-9f7e-6d65aa2ee3ec.jpg?w=380&h=238&fm=jpg&auto=compress&fit=crop","price":"2.79","pricePer":null,"purchaseUnit":"1 count"},{"mainCategory":"Snacks","categoryName":"Bars","subCategoryName":"Protein Bars","title":"Chocolate Chip Cookie Dough Protein Bar","producer":"Aloha ","photoPath":"https://goodeggs4.imgix.net/a639396c-8d0b-496f-98ec-704f20c4347b.jpg?w=380&h=238&fm=jpg&auto=compress&fit=crop","price":"2.79","pricePer":null,"purchaseUnit":"1 count"},{"mainCategory":"Snacks","categoryName":"Bars","subCategoryName":"Protein Bars","title":"Peanut Butter Chocolate Chip Protein Bar","producer":"Aloha ","photoPath":"https://goodeggs4.imgix.net/bf064504-5b4e-4c9e-912a-5b41bbbbd349.jpg?w=380&h=238&fm=jpg&auto=compress&fit=crop","price":"2.79","pricePer":null,"purchaseUnit":"1 count"},{"mainCategory":"Snacks","categoryName":"Bars","subCategoryName":"Protein Bars","title":"Organic Raw Macadamia Coconut Protein Bar","producer":"Mammoth Bar","photoPath":"https://goodeggs4.imgix.net/c28bc613-a0ad-4389-9863-5393be4d686a.jpg?w=380&h=238&fm=jpg&auto=compress&fit=crop","price":"2.99","pricePer":"$1.66 / oz","purchaseUnit":"1.8 oz"},{"mainCategory":"Snacks","categoryName":"Bars","subCategoryName":"Protein Bars","title":"Organic Raw Cashew Cinnamon Protein Bar","producer":"Mammoth Bar","photoPath":"https://goodeggs4.imgix.net/3188f714-890b-41ed-86da-cae947d56a65.jpg?w=380&h=238&fm=jpg&auto=compress&fit=crop","price":"2.99","pricePer":"$1.66 / oz","purchaseUnit":"1.8 oz"},{"mainCategory":"Snacks","categoryName":"Bars","subCategoryName":"Protein Bars","title":"Organic Raw Almond Vanilla Protein Bar","producer":"Mammoth Bar","photoPath":"https://goodeggs4.imgix.net/e1a1149e-d1a1-4c83-ab34-4d3dc4ea12c9.jpg?w=380&h=238&fm=jpg&auto=compress&fit=crop","price":"2.99","pricePer":"$1.66 / oz","purchaseUnit":"1.8 oz"},{"mainCategory":"Snacks","categoryName":"Bars","subCategoryName":"Protein Bars","title":"Organic Raw Goji Berry Trailmix Protein Bar","producer":"Mammoth Bar","photoPath":"https://goodeggs4.imgix.net/d493778b-801c-4d6e-80fc-697d8a05bf4e.jpg?w=380&h=238&fm=jpg&auto=compress&fit=crop","price":"2.99","pricePer":"$1.66 / oz","purchaseUnit":"1.8 oz"},{"mainCategory":"Snacks","categoryName":"Bars","subCategoryName":"Protein Bars","title":"Chocolate Mint Builder's Bar","producer":"Clif Bar","photoPath":"https://goodeggs4.imgix.net/d94f186d-75ba-4899-86c2-f45ffdee3565.jpg?w=380&h=238&fm=jpg&auto=compress&fit=crop","price":"2.29","pricePer":"$0.95 / oz","purchaseUnit":"2.4 oz"},{"mainCategory":"Snacks","categoryName":"Bars","subCategoryName":"Protein Bars","title":"Case of Chocolate Peanut Butter Builder's Bars","producer":"Clif Bar","photoPath":"https://goodeggs4.imgix.net/7db2f452-582b-471d-8fa4-1cf18f594f75.jpg?w=380&h=238&fm=jpg&auto=compress&fit=crop","price":"11.49","pricePer":"$0.79 / oz","purchaseUnit":"6 count"},{"mainCategory":"Snacks","categoryName":"Bars","subCategoryName":"Protein Bars","title":"Luna Protein Chocolate Peanut Butter Bar","producer":"Clif Bar","photoPath":"https://goodeggs4.imgix.net/88a2d24d-0568-46ad-af40-45da0e98b7df.jpg?w=380&h=238&fm=jpg&auto=compress&fit=crop","price":"1.69","pricePer":"$1.06 / oz","purchaseUnit":"1.59 oz"},{"mainCategory":"Snacks","categoryName":"Bars","subCategoryName":"Protein Bars","title":"Chocolate Peanut Butter Builder's Bar","producer":"Clif Bar","photoPath":"https://goodeggs4.imgix.net/495e4414-0ee5-4091-bfc4-504744cb20ee.jpg?w=380&h=238&fm=jpg&auto=compress&fit=crop","price":"2.29","pricePer":"$0.95 / oz","purchaseUnit":"2.4 oz"},{"mainCategory":"Snacks","categoryName":"Bars","subCategoryName":"Protein Bars","title":"Luna Protein Chocolate Salted Caramel Bar","producer":"Clif Bar","photoPath":"https://goodeggs4.imgix.net/11157550-0300-4c62-a2f3-85540ed96aeb.jpg?w=380&h=238&fm=jpg&auto=compress&fit=crop","price":"1.69","pricePer":"$1.06 / oz","purchaseUnit":"1.59 oz"},{"mainCategory":"Snacks","categoryName":"Bars","subCategoryName":"Protein Bars","title":"Luna Protein Cookie Dough Bar","producer":"Clif Bar","photoPath":"https://goodeggs4.imgix.net/22255d2b-24e1-49fb-b58e-21aab7ea0d3b.jpg?w=380&h=238&fm=jpg&auto=compress&fit=crop","price":"1.69","pricePer":"$1.06 / oz","purchaseUnit":"1.59 oz"},{"mainCategory":"Snacks","categoryName":"Bars","subCategoryName":"Protein Bars","title":"Vanilla Almond Builder's Bar","producer":"Clif Bar","photoPath":"https://goodeggs4.imgix.net/a3995cad-85b1-48a8-9688-819ccea90763.jpg?w=380&h=238&fm=jpg&auto=compress&fit=crop","price":"2.29","pricePer":"$0.95 / oz","purchaseUnit":"2.4 oz"},{"mainCategory":"Snacks","categoryName":"Bars","subCategoryName":"Protein Bars","title":"Chocolate Superfood Bar","producer":"Redd","photoPath":"https://goodeggs4.imgix.net/39cc08bb-1a8d-4f47-8a98-6e048fc74d33.jpg?w=380&h=238&fm=jpg&auto=compress&fit=crop","price":"2.99","pricePer":"$1.49 / oz","purchaseUnit":"2 oz"},{"mainCategory":"Snacks","categoryName":"Bars","subCategoryName":"Protein Bars","title":"Peanut Butter Superfood Bar","producer":"Redd","photoPath":"https://goodeggs4.imgix.net/1de81578-abe8-4b7b-8f1f-61a00516e529.jpg?w=380&h=238&fm=jpg&auto=compress&fit=crop","price":"2.99","pricePer":"$1.49 / oz","purchaseUnit":"2 oz"},{"mainCategory":"Snacks","categoryName":"Bars","subCategoryName":"Protein Bars","title":"Oatmeal Superfood Bar","producer":"Redd","photoPath":"https://goodeggs4.imgix.net/364a4465-ffab-4ef1-970f-c17db9f0d011.jpg?w=380&h=238&fm=jpg&auto=compress&fit=crop","price":"2.99","pricePer":"$1.49 / oz","purchaseUnit":"2 oz"},{"mainCategory":"Snacks","categoryName":"Chips","subCategoryName":"Tortilla Chips","title":"Corn Tortilla Chips","producer":"Sabor Mexicano","photoPath":"https://goodeggs4.imgix.net/d744d324-876a-42d9-a55e-cd8dcd7fc69a.jpg?w=380&h=238&fm=jpg&auto=compress&fit=crop","price":"5.79","pricePer":"$0.48 / oz","purchaseUnit":"12 oz"},{"mainCategory":"Snacks","categoryName":"Chips","subCategoryName":"Tortilla Chips","title":"Thin & Light Delgados Tortilla Chips","producer":"Casa Sanchez","photoPath":"https://goodeggs4.imgix.net/e2a4eee6-03c3-4f6d-a18e-776202999844.jpg?w=380&h=238&fm=jpg&auto=compress&fit=crop","price":"4.29","pricePer":"$0.31 / oz","purchaseUnit":"14 oz"},{"mainCategory":"Snacks","categoryName":"Chips","subCategoryName":"Tortilla Chips","title":"Tortilla Chips","producer":"Primavera","photoPath":"https://goodeggs4.imgix.net/9704ccb1-f18c-48ce-a7dc-2bcd9bd16ddc.jpg?w=380&h=238&fm=jpg&auto=compress&fit=crop","price":"6.49","pricePer":"$0.92 / oz","purchaseUnit":"7 oz"},{"mainCategory":"Snacks","categoryName":"Chips","subCategoryName":"Tortilla Chips","title":"Blue Corn Tortilla Chips","producer":"Sabor Mexicano","photoPath":"https://goodeggs4.imgix.net/3a3d5825-01bb-4d21-8c73-0acc71223d56.jpg?w=380&h=238&fm=jpg&auto=compress&fit=crop","price":"5.79","pricePer":"$0.48 / oz","purchaseUnit":"12 oz"},{"mainCategory":"Snacks","categoryName":"Chips","subCategoryName":"Tortilla Chips","title":"Thick & Crispy Gruesos Tortilla Chips","producer":"Casa Sanchez","photoPath":"https://goodeggs4.imgix.net/5cd919a9-e381-4629-adef-39c64befeb69.jpg?w=380&h=238&fm=jpg&auto=compress&fit=crop","price":"4.29","pricePer":"$0.31 / oz","purchaseUnit":"14 oz"},{"mainCategory":"Snacks","categoryName":"Chips","subCategoryName":"Tortilla Chips","title":"Jalapeño Lime Tortilla Chips","producer":"Late July Organic Snacks","photoPath":"https://goodeggs4.imgix.net/45052955-daac-4839-876d-fd029102a045.jpg?w=380&h=238&fm=jpg&auto=compress&fit=crop","price":"3.49","pricePer":"$0.63 / oz","purchaseUnit":"5.5 oz"},{"mainCategory":"Snacks","categoryName":"Chips","subCategoryName":"Tortilla Chips","title":"Nacho Chipotle Tortilla Chips","producer":"Late July Organic Snacks","photoPath":"https://goodeggs4.imgix.net/248a0003-fdfb-4c96-a26c-6cf35525207d.jpg?w=380&h=238&fm=jpg&auto=compress&fit=crop","price":"3.49","pricePer":"$0.63 / oz","purchaseUnit":"5.5 oz"},{"mainCategory":"Snacks","categoryName":"Chips","subCategoryName":"Tortilla Chips","title":"Thick Corn Tortilla Chips","producer":"Sabor Mexicano","photoPath":"https://goodeggs4.imgix.net/224769bc-b8bb-4fa9-b0e2-2450b7e18908.jpg?w=380&h=238&fm=jpg&auto=compress&fit=crop","price":"5.79","pricePer":"$0.48 / oz","purchaseUnit":"12 oz"},{"mainCategory":"Snacks","categoryName":"Chips","subCategoryName":"Tortilla Chips","title":"Grain-Free Sea Salt Tortilla Chips","producer":"Siete Family Foods","photoPath":"https://goodeggs4.imgix.net/9acbb48b-1f6b-408c-b962-7c39e7237b28.jpg?w=380&h=238&fm=jpg&auto=compress&fit=crop","price":"5.49","pricePer":"$1.09 / oz","purchaseUnit":"5 oz"},{"mainCategory":"Snacks","categoryName":"Chips","subCategoryName":"Tortilla Chips","title":"Totopos Tortilla Chips","producer":"Casa Sanchez","photoPath":"https://goodeggs4.imgix.net/4fedb4db-17ef-4421-8961-c01412f4021c.jpg?w=380&h=238&fm=jpg&auto=compress&fit=crop","price":"4.29","pricePer":"$0.31 / oz","purchaseUnit":"14 oz"},{"mainCategory":"Snacks","categoryName":"Chips","subCategoryName":"Tortilla Chips","title":"Grain-Free Nacho Tortilla Chips","producer":"Siete Family Foods","photoPath":"https://goodeggs4.imgix.net/387d9b1d-6c86-4627-bc25-70abddefd930.jpg?w=380&h=238&fm=jpg&auto=compress&fit=crop","price":"5.49","pricePer":"$1.09 / oz","purchaseUnit":"5 oz"},{"mainCategory":"Snacks","categoryName":"Chips","subCategoryName":"Tortilla Chips","title":"Organic Salt-Free Tortilla Chips","producer":"Casa Sanchez","photoPath":"https://goodeggs4.imgix.net/70e3764f-66a3-4a8d-8675-26860fcc6dde.jpg?w=380&h=238&fm=jpg&auto=compress&fit=crop","price":"4.49","pricePer":"$0.32 / oz","purchaseUnit":"14 oz"},{"mainCategory":"Snacks","categoryName":"Chips","subCategoryName":"Tortilla Chips","title":"Corn Tortilla Chips","producer":"Sabor Mexicano","photoPath":"https://goodeggs4.imgix.net/e43b3c50-3877-4470-b4cb-aca7c10c0673.jpg?w=380&h=238&fm=jpg&auto=compress&fit=crop","price":"2.99","pricePer":"$0.59 / oz","purchaseUnit":"5 oz"},{"mainCategory":"Snacks","categoryName":"Chips","subCategoryName":"Tortilla Chips","title":"Grain-Free Lime Tortilla Chips","producer":"Siete Family Foods","photoPath":"https://goodeggs4.imgix.net/a982dd3a-bce2-4509-9d00-2f9c0d93e20b.jpg?w=380&h=238&fm=jpg&auto=compress&fit=crop","price":"5.49","pricePer":"$1.09 / oz","purchaseUnit":"5 oz"},{"mainCategory":"Snacks","categoryName":"Chips","subCategoryName":"Potato Chips","title":"Sea Salt Avocado Oil Potato Chips","producer":"Boulder Canyon","photoPath":"https://goodeggs4.imgix.net/48f4e0ce-8aa8-453c-9273-8c5afd806fdd.jpg?w=380&h=238&fm=jpg&auto=compress&fit=crop","price":"3.49","pricePer":"$0.66 / oz","purchaseUnit":"5.25 oz"},{"mainCategory":"Snacks","categoryName":"Chips","subCategoryName":"Potato Chips","title":"Sea Salt Kettle Potato Chips","producer":"Boulder Canyon","photoPath":"https://goodeggs4.imgix.net/47fd97dc-04af-4871-b857-301d38391a28.jpg?w=380&h=238&fm=jpg&auto=compress&fit=crop","price":"3.29","pricePer":"$0.50 / oz","purchaseUnit":"6.5 oz"},{"mainCategory":"Snacks","categoryName":"Chips","subCategoryName":"Potato Chips","title":"Malt Vinegar & Sea Salt Kettle Potato Chips","producer":"Boulder Canyon","photoPath":"https://goodeggs4.imgix.net/b2ed11cf-9254-4957-b509-147cd65e53f3.jpg?w=380&h=238&fm=jpg&auto=compress&fit=crop","price":"3.29","pricePer":"$0.50 / oz","purchaseUnit":"6.5 oz"},{"mainCategory":"Snacks","categoryName":"Chips","subCategoryName":"Potato Chips","title":"Organic Barbecue Potato Chips","producer":"Luke's Organic","photoPath":"https://goodeggs4.imgix.net/8df52e35-db64-4c69-8797-2ffc9bdf590a.jpg?w=380&h=238&fm=jpg&auto=compress&fit=crop","price":"3.79","pricePer":"$0.94 / oz","purchaseUnit":"4 oz"},{"mainCategory":"Snacks","categoryName":"Chips","subCategoryName":"Potato Chips","title":"Organic Sour Cream & Onion Potato Chips","producer":"Luke's Organic","photoPath":"https://goodeggs4.imgix.net/b3f41339-f282-48da-a71e-827d97f4bcb6.jpg?w=380&h=238&fm=jpg&auto=compress&fit=crop","price":"3.79","pricePer":"$0.94 / oz","purchaseUnit":"4 oz"},{"mainCategory":"Snacks","categoryName":"Chips","subCategoryName":"Potato Chips","title":"Organic Sea Salt Potato Chips","producer":"Luke's Organic","photoPath":"https://goodeggs4.imgix.net/e3d10bf0-422e-4a02-add4-29c60e0a17f7.jpg?w=380&h=238&fm=jpg&auto=compress&fit=crop","price":"3.79","pricePer":"$0.84 / oz","purchaseUnit":"4.5 oz"},{"mainCategory":"Snacks","categoryName":"Chips","subCategoryName":"Potato Chips","title":"Sea Salt & Pepper Kettle Potato Chips","producer":"Boulder Canyon","photoPath":"https://goodeggs4.imgix.net/f6cb7cd9-3292-4b0a-8872-380a02a3cf1f.jpg?w=380&h=238&fm=jpg&auto=compress&fit=crop","price":"3.29","pricePer":"$0.50 / oz","purchaseUnit":"6.5 oz"},{"mainCategory":"Snacks","categoryName":"Chips","subCategoryName":"Potato Chips","title":"Malt Vinegar & Sea Salt Avocado Oil Potato Chips","producer":"Boulder Canyon","photoPath":"https://goodeggs4.imgix.net/38d95aa0-9320-4ec1-99d4-345b459d1dd9.jpg?w=380&h=238&fm=jpg&auto=compress&fit=crop","price":"3.49","pricePer":"$0.66 / oz","purchaseUnit":"5.25 oz"},{"mainCategory":"Snacks","categoryName":"Chips","subCategoryName":"Potato Chips","title":"Barbecue Avocado Oil Kettle Chips","producer":"Good Health Snacks","photoPath":"https://goodeggs4.imgix.net/c92e3f24-7cf2-470f-84d3-e602d5a04523.jpg?w=380&h=238&fm=jpg&auto=compress&fit=crop","price":"3.19","pricePer":"$0.63 / oz","purchaseUnit":"5 oz"},{"mainCategory":"Snacks","categoryName":"Chips","subCategoryName":"Potato Chips","title":"Sea Salt Avocado Oil Kettle Chips","producer":"Good Health Snacks","photoPath":"https://goodeggs4.imgix.net/000de0b9-8539-4ecc-b94b-14c442446f41.jpg?w=380&h=238&fm=jpg&auto=compress&fit=crop","price":"3.29","pricePer":"$0.65 / oz","purchaseUnit":"5 oz"},{"mainCategory":"Snacks","categoryName":"Chips","subCategoryName":"Potato Chips","title":"Jalapeño Avocado Oil Kettle Chips","producer":"Good Health Snacks","photoPath":"https://goodeggs4.imgix.net/fcf5775b-1cb5-447f-b070-38f03102485e.jpg?w=380&h=238&fm=jpg&auto=compress&fit=crop","price":"3.19","pricePer":"$0.63 / oz","purchaseUnit":"5 oz"},{"mainCategory":"Snacks","categoryName":"Chips","subCategoryName":"Fruit Chips","title":"Organic Sea Salt & Vinegar Plantain Chips","producer":"Barnana","photoPath":"https://goodeggs4.imgix.net/7d34f459-941a-4c1f-bf12-718037bf469d.jpg?w=380&h=238&fm=jpg&auto=compress&fit=crop","price":"4.99","pricePer":"$0.99 / oz","purchaseUnit":"5 oz"},{"mainCategory":"Snacks","categoryName":"Chips","subCategoryName":"Fruit Chips","title":"Crispy Original Apple Chips","producer":"Good Health Snacks","photoPath":"https://goodeggs4.imgix.net/ac18a78d-e557-455e-abab-af16c5a30a2b.jpg?w=380&h=238&fm=jpg&auto=compress&fit=crop","price":"2.99","pricePer":"$1.19 / oz","purchaseUnit":"2.5 oz"},{"mainCategory":"Snacks","categoryName":"Chips","subCategoryName":"Fruit Chips","title":"Original Coconut Chips","producer":"Dang","photoPath":"https://goodeggs4.imgix.net/72d1ac8e-b538-4ff4-a3f2-48191a85d9f7.jpg?w=380&h=238&fm=jpg&auto=compress&fit=crop","price":"4.49","pricePer":"$1.41 / oz","purchaseUnit":"3.17 oz"},{"mainCategory":"Snacks","categoryName":"Chips","subCategoryName":"Fruit Chips","title":"Original Saba Banana Chips","producer":"Sun Tropics","photoPath":"https://goodeggs4.imgix.net/1c89c5cb-d0ff-45a4-94a0-495741055d46.jpg?w=380&h=238&fm=jpg&auto=compress&fit=crop","price":"3.69","pricePer":"$0.61 / oz","purchaseUnit":"6 oz"},{"mainCategory":"Snacks","categoryName":"Chips","subCategoryName":"Fruit Chips","title":"Sea Salt Saba Banana Chips","producer":"Sun Tropics","photoPath":"https://goodeggs4.imgix.net/a71c7fa0-26b3-4fa9-a6ed-a8d86a263457.jpg?w=380&h=238&fm=jpg&auto=compress&fit=crop","price":"3.69","pricePer":"$0.61 / oz","purchaseUnit":"6 oz"},{"mainCategory":"Snacks","categoryName":"Chips","subCategoryName":"Fruit Chips","title":"Caramel & Sea Salt Coconut Chips","producer":"Dang","photoPath":"https://goodeggs4.imgix.net/04944dfe-56e2-422d-a45b-0e7cb6574554.jpg?w=380&h=238&fm=jpg&auto=compress&fit=crop","price":"4.49","pricePer":"$1.41 / oz","purchaseUnit":"3.17 oz"},{"mainCategory":"Snacks","categoryName":"Chips","subCategoryName":"Fruit Chips","title":"Lightly Salted Coconut Chips","producer":"Dang","photoPath":"https://goodeggs4.imgix.net/60b4c4bc-49b3-4720-a7a3-d43810385155.jpg?w=380&h=238&fm=jpg&auto=compress&fit=crop","price":"4.49","pricePer":"$1.41 / oz","purchaseUnit":"3.17 oz"},{"mainCategory":"Snacks","categoryName":"Chips","subCategoryName":"Multigrain Chips","title":"Organic \"Sea Salt by the Seashore\" Multigrain Tortilla Chips","producer":"Late July Organic Snacks","photoPath":"https://goodeggs4.imgix.net/b230e148-09be-4292-995f-886ed11afd54.jpg?w=380&h=238&fm=jpg&auto=compress&fit=crop","price":"3.49","pricePer":"$0.63 / oz","purchaseUnit":"5.5 oz"},{"mainCategory":"Snacks","categoryName":"Chips","subCategoryName":"Multigrain Chips","title":"Organic \"Summertime Blues\" Multigrain Tortilla Chips","producer":"Late July Organic Snacks","photoPath":"https://goodeggs4.imgix.net/03b0e1c3-c747-4995-a249-e5d3b7206f6a.jpg?w=380&h=238&fm=jpg&auto=compress&fit=crop","price":"3.49","pricePer":"$0.63 / oz","purchaseUnit":"5.5 oz"},{"mainCategory":"Snacks","categoryName":"Chips","subCategoryName":"Multigrain Chips","title":"Organic “Sub Lime” Multigrain Tortilla Chips","producer":"Late July Organic Snacks","photoPath":"https://goodeggs4.imgix.net/4bec93f2-a178-4915-9e8b-00f4b74a46a7.jpg?w=380&h=238&fm=jpg&auto=compress&fit=crop","price":"3.49","pricePer":"$0.63 / oz","purchaseUnit":"5.5 oz"},{"mainCategory":"Snacks","categoryName":"Chips","subCategoryName":"Multigrain Chips","title":"Organic Sea Salt Rice Chips","producer":"Lundberg Family Farm","photoPath":"https://goodeggs4.imgix.net/ba2fee90-2bac-427e-9357-4d433d8b992d.jpg?w=380&h=238&fm=jpg&auto=compress&fit=crop","price":"3.39","pricePer":"$0.56 / oz","purchaseUnit":"6 oz"},{"mainCategory":"Snacks","categoryName":"Chips","subCategoryName":"Multigrain Chips","title":"Organic Sesame & Seaweed Rice Chips","producer":"Lundberg Family Farm","photoPath":"https://goodeggs4.imgix.net/bad7ba87-817e-400d-a230-251d725290b3.jpg?w=380&h=238&fm=jpg&auto=compress&fit=crop","price":"3.39","pricePer":"$0.56 / oz","purchaseUnit":"6 oz"},{"mainCategory":"Snacks","categoryName":"Chips","subCategoryName":"Veggie Chips","title":"Sea Salt Veggie Stix","producer":"Good Health Snacks","photoPath":"https://goodeggs4.imgix.net/76795e7a-7766-4155-8d6b-ab6e60cdcb0b.jpg?w=380&h=238&fm=jpg&auto=compress&fit=crop","price":"3.69","pricePer":"$0.59 / oz","purchaseUnit":"6.25 oz"},{"mainCategory":"Snacks","categoryName":"Chips","subCategoryName":"Veggie Chips","title":"Organic Vegetable Chips","producer":"Forager Project","photoPath":"https://goodeggs4.imgix.net/9f72d22c-327b-4823-b6ae-236318326c66.jpg?w=380&h=238&fm=jpg&auto=compress&fit=crop","price":"3.99","pricePer":"$0.79 / oz","purchaseUnit":"5 oz"},{"mainCategory":"Snacks","categoryName":"Chips","subCategoryName":"Veggie Chips","title":"Organic Sea Salt Carrot Sticks","producer":"Rhythm Superfoods","photoPath":"https://goodeggs4.imgix.net/280d49c1-eb45-4f47-b9a3-30c74ec5d634.jpg?w=380&h=238&fm=jpg&auto=compress&fit=crop","price":"4.29","pricePer":"$3.06 / oz","purchaseUnit":"1.4 oz"},{"mainCategory":"Snacks","categoryName":"Chips","subCategoryName":"Veggie Chips","title":"Organic Cheezy Vegetable Chips","producer":"Forager Project","photoPath":"https://goodeggs4.imgix.net/165dcb41-79e3-4035-befe-310b58e80d30.jpg?w=380&h=238&fm=jpg&auto=compress&fit=crop","price":"3.99","pricePer":"$0.79 / oz","purchaseUnit":"5 oz"},{"mainCategory":"Snacks","categoryName":"Chips","subCategoryName":"Veggie Chips","title":"Organic Chipotle BBQ Vegetable Chips","producer":"Forager Project","photoPath":"https://goodeggs4.imgix.net/bd343e8b-8b24-4ad3-bea0-9692acd8503d.jpg?w=380&h=238&fm=jpg&auto=compress&fit=crop","price":"3.99","pricePer":"$0.79 / oz","purchaseUnit":"5 oz"},{"mainCategory":"Snacks","categoryName":"Chips","subCategoryName":"Veggie Chips","title":"Organic Original Kale Chips","producer":"Rhythm Superfoods","photoPath":"https://goodeggs4.imgix.net/c0e0bc7b-26d7-4a8b-a419-cb90d352a646.jpg?w=380&h=238&fm=jpg&auto=compress&fit=crop","price":"4.99","pricePer":"$2.49 / oz","purchaseUnit":"2 oz"},{"mainCategory":"Snacks","categoryName":"Chips","subCategoryName":"Veggie Chips","title":"Organic Cool Ranch Kale Chips","producer":"Rhythm Superfoods","photoPath":"https://goodeggs4.imgix.net/69be4f02-988f-4fef-92f2-051406cadc3e.jpg?w=380&h=238&fm=jpg&auto=compress&fit=crop","price":"4.99","pricePer":"$2.49 / oz","purchaseUnit":"2 oz"},{"mainCategory":"Snacks","categoryName":"Chips","subCategoryName":"Veggie Chips","title":"Organic Zesty Nacho Kale Chips","producer":"Rhythm Superfoods","photoPath":"https://goodeggs4.imgix.net/03b072a1-2bd3-45ea-8fe2-1c8542855099.jpg?w=380&h=238&fm=jpg&auto=compress&fit=crop","price":"4.99","pricePer":"$2.49 / oz","purchaseUnit":"2 oz"},{"mainCategory":"Snacks","categoryName":"Chips","subCategoryName":"Veggie Chips","title":"Sweet Potato & Beef Bone Broth Kale Chips","producer":"Kaleidoscope Living Foods","photoPath":"https://goodeggs4.imgix.net/f5733d85-b688-431a-87b7-e65f24e18fd6.jpg?w=380&h=238&fm=jpg&auto=compress&fit=crop","price":"10.99","pricePer":"$5.49 / oz","purchaseUnit":"2 oz"},{"mainCategory":"Snacks","categoryName":"Chips","subCategoryName":"Veggie Chips","title":"Lemon Miso Ginger Kale Chips","producer":"Kaleidoscope Living Foods","photoPath":"https://goodeggs4.imgix.net/19994c8e-315f-4058-96c4-be307e7ac16e.jpg?w=380&h=238&fm=jpg&auto=compress&fit=crop","price":"10.99","pricePer":"$5.49 / oz","purchaseUnit":"2 oz"},{"mainCategory":"Snacks","categoryName":"Chips","subCategoryName":"Veggie Chips","title":"Spicy Seaweed, Date & Bison Bone Broth Kale Chips","producer":"Kaleidoscope Living Foods","photoPath":"https://goodeggs4.imgix.net/298eba0a-a25f-46fd-9b32-902cddfd6b7b.jpg?w=380&h=238&fm=jpg&auto=compress&fit=crop","price":"10.99","pricePer":"$5.49 / oz","purchaseUnit":"2 oz"},{"mainCategory":"Snacks","categoryName":"Crackers","subCategoryName":"Snack Crackers","title":"Crispy Wheat Crackers","producer":"Back to Nature","photoPath":"https://goodeggs4.imgix.net/16003be2-cffb-4005-9570-dec6e9b8459f.jpg?w=380&h=238&fm=jpg&auto=compress&fit=crop","price":"3.99","pricePer":"$0.49 / oz","purchaseUnit":"8 oz"},{"mainCategory":"Snacks","categoryName":"Crackers","subCategoryName":"Snack Crackers","title":"Organic Classic Rich Crackers","producer":"Late July Organic Snacks","photoPath":"https://goodeggs4.imgix.net/18c71613-a4d4-4d2a-9ddf-e044b162ee07.jpg?w=380&h=238&fm=jpg&auto=compress&fit=crop","price":"3.69","pricePer":"$0.61 / oz","purchaseUnit":"6 oz"},{"mainCategory":"Snacks","categoryName":"Crackers","subCategoryName":"Snack Crackers","title":"Harvest Whole Wheat Crackers","producer":"Back to Nature","photoPath":"https://goodeggs4.imgix.net/41b4eaf9-848a-4d36-aeed-119a9e7422fc.jpg?w=380&h=238&fm=jpg&auto=compress&fit=crop","price":"3.99","pricePer":"$0.47 / oz","purchaseUnit":"8.5 oz"},{"mainCategory":"Snacks","categoryName":"Crackers","subCategoryName":"Snack Crackers","title":"Organic Stoneground Wheat Crackers","producer":"Back to Nature","photoPath":"https://goodeggs4.imgix.net/44b3a2b0-1441-46b5-bf62-c2d62709fe4b.jpg?w=380&h=238&fm=jpg&auto=compress&fit=crop","price":"3.99","pricePer":"$0.66 / oz","purchaseUnit":"6 oz"},{"mainCategory":"Snacks","categoryName":"Crackers","subCategoryName":"Snack Crackers","title":"Organic Rosemary & Olive Oil Stoneground Wheat Crackers","producer":"Back to Nature","photoPath":"https://goodeggs4.imgix.net/b402d76f-721e-4fbb-a841-88ee263b51da.jpg?w=380&h=238&fm=jpg&auto=compress&fit=crop","price":"3.99","pricePer":"$0.66 / oz","purchaseUnit":"6 oz"},{"mainCategory":"Snacks","categoryName":"Crackers","subCategoryName":"Snack Crackers","title":"Organic Classic Saltine Crackers","producer":"Late July Organic Snacks","photoPath":"https://goodeggs4.imgix.net/6f05ea2d-d4e8-41e6-9776-d85e08265938.jpg?w=380&h=238&fm=jpg&auto=compress&fit=crop","price":"3.99","pricePer":"$0.66 / oz","purchaseUnit":"6 oz"},{"mainCategory":"Snacks","categoryName":"Crackers","subCategoryName":"Snack Crackers","title":"Cheddar Bunnies Snack Crackers","producer":"Annie's Homegrown","photoPath":"https://goodeggs4.imgix.net/00bb74e0-0653-4221-94c2-2ea7afe25e30.jpg?w=380&h=238&fm=jpg&auto=compress&fit=crop","price":"3.99","pricePer":"$0.53 / oz","purchaseUnit":"7.5 oz"},{"mainCategory":"Snacks","categoryName":"Crackers","subCategoryName":"Snack Crackers","title":"Organic Cheddar Cheese Sandwich Crackers","producer":"Late July Organic Snacks","photoPath":"https://goodeggs4.imgix.net/92a39b80-0982-49c3-a709-9f99d15aad61.jpg?w=380&h=238&fm=jpg&auto=compress&fit=crop","price":"3.99","pricePer":"$0.79 / oz","purchaseUnit":"5 oz"},{"mainCategory":"Snacks","categoryName":"Crackers","subCategoryName":"Snack Crackers","title":"Organic Lentil & Turmeric Crackers","producer":"RW Garcia","photoPath":"https://goodeggs4.imgix.net/26e9468b-12d8-419d-a8c0-b06014b8683d.jpg?w=380&h=238&fm=jpg&auto=compress&fit=crop","price":"4.99","pricePer":"$0.90 / oz","purchaseUnit":"5.5 oz"},{"mainCategory":"Snacks","categoryName":"Crackers","subCategoryName":"Snack Crackers","title":"Organic Peanut Butter Sandwich Crackers","producer":"Late July Organic Snacks","photoPath":"https://goodeggs4.imgix.net/744e184c-e763-4587-bd6f-014881583ab0.jpg?w=380&h=238&fm=jpg&auto=compress&fit=crop","price":"3.99","pricePer":"$0.79 / oz","purchaseUnit":"5 oz"},{"mainCategory":"Snacks","categoryName":"Crackers","subCategoryName":"Snack Crackers","title":"Sweet & Savory Thai Arare Rice Crackers","producer":"Lotus Foods","photoPath":"https://goodeggs4.imgix.net/37d46b8a-9cd3-40cc-acd8-3fe9baff1f27.jpg?w=380&h=238&fm=jpg&auto=compress&fit=crop","price":"3.99","pricePer":"$0.79 / oz","purchaseUnit":"5 oz"},{"mainCategory":"Snacks","categoryName":"Crackers","subCategoryName":"Snack Crackers","title":"Organic Oyster Crackers","producer":"Potter's Crackers","photoPath":"https://goodeggs4.imgix.net/6736e9b1-8a51-413c-b68a-1a7d8f7c7a08.jpg?w=380&h=238&fm=jpg&auto=compress&fit=crop","price":"6.49","pricePer":"$0.81 / oz","purchaseUnit":"8 oz"},{"mainCategory":"Snacks","categoryName":"Crackers","subCategoryName":"Flatbreads","title":"Organic Mini Olive Oil & Sel Gris Flatbread","producer":"Rustic Bakery","photoPath":"https://goodeggs4.imgix.net/4655f26c-c77b-427c-986e-d2fc9157a7da.jpg?w=380&h=238&fm=jpg&auto=compress&fit=crop","price":"5.49","pricePer":"$1.37 / oz","purchaseUnit":"4 oz"},{"mainCategory":"Snacks","categoryName":"Crackers","subCategoryName":"Flatbreads","title":"Mini Original Croccantini Crackers","producer":"La Panzanella","photoPath":"https://goodeggs4.imgix.net/4299dc22-87f3-4f04-a751-982be1ed4b87.jpg?w=380&h=238&fm=jpg&auto=compress&fit=crop","price":"3.99","pricePer":"$0.66 / oz","purchaseUnit":"6 oz"},{"mainCategory":"Snacks","categoryName":"Crackers","subCategoryName":"Flatbreads","title":"Sea Salt & Olive Oil Crackers","producer":"Rustic Bakery","photoPath":"https://goodeggs4.imgix.net/c8f436f8-0194-475d-b3ef-e2869098705a.jpg?w=380&h=238&fm=jpg&auto=compress&fit=crop","price":"5.99","pricePer":"$0.99 / oz","purchaseUnit":"6 oz"},{"mainCategory":"Snacks","categoryName":"Crackers","subCategoryName":"Flatbreads","title":"Rosemary Mini Croccantini Crackers","producer":"La Panzanella","photoPath":"https://goodeggs4.imgix.net/ffed9549-6aba-4b41-845a-7b01ad500275.jpg?w=380&h=238&fm=jpg&auto=compress&fit=crop","price":"3.99","pricePer":"$0.66 / oz","purchaseUnit":"6 oz"},{"mainCategory":"Snacks","categoryName":"Crackers","subCategoryName":"Flatbreads","title":"Organic Mini Rosemary & Olive Oil Flatbread","producer":"Rustic Bakery","photoPath":"https://goodeggs4.imgix.net/2846eaab-fd79-4b58-9ecc-deb6427b69ae.jpg?w=380&h=238&fm=jpg&auto=compress&fit=crop","price":"5.49","pricePer":"$1.37 / oz","purchaseUnit":"4 oz"},{"mainCategory":"Snacks","categoryName":"Crackers","subCategoryName":"Flatbreads","title":"Original Croccantini Crackers","producer":"La Panzanella","photoPath":"https://goodeggs4.imgix.net/57079de5-017e-47b1-a293-289e0cb390ac.jpg?w=380&h=238&fm=jpg&auto=compress&fit=crop","price":"5.49","pricePer":"$0.68 / oz","purchaseUnit":"8 oz"},{"mainCategory":"Snacks","categoryName":"Crackers","subCategoryName":"Flatbreads","title":"Sweet Onion & Creme Fraiche Flatbread","producer":"Rustic Bakery","photoPath":"https://goodeggs4.imgix.net/9a649ff6-be28-49f8-a3a8-ac6e8f4f6421.jpg?w=380&h=238&fm=jpg&auto=compress&fit=crop","price":"6.99","pricePer":"$1.16 / oz","purchaseUnit":"6 oz"},{"mainCategory":"Snacks","categoryName":"Crackers","subCategoryName":"Flatbreads","title":"Sea Salt Baked Crackers","producer":"Firehook Bakery","photoPath":"https://goodeggs4.imgix.net/9dd7c18b-edd0-4d1b-8668-a75dc05d420e.jpg?w=380&h=238&fm=jpg&auto=compress&fit=crop","price":"6.99","pricePer":"$1.27 / oz","purchaseUnit":"5.5 oz"},{"mainCategory":"Snacks","categoryName":"Crackers","subCategoryName":"Flatbreads","title":"Gluten-Free Matzo","producer":"Yehuda Matzos","photoPath":"https://goodeggs4.imgix.net/775b939e-d9c0-4697-b0a1-250fa93d05f6.jpg?w=380&h=238&fm=jpg&auto=compress&fit=crop","price":"7.99","pricePer":"$0.76 / oz","purchaseUnit":"10.4 oz"},{"mainCategory":"Snacks","categoryName":"Crackers","subCategoryName":"Multi-Pack Crackers","title":"Organic Cheddar Cheese Sandwich Crackers","producer":"Late July Organic Snacks","photoPath":"https://goodeggs4.imgix.net/3db56da0-dfd7-407f-a725-50144cf858bd.jpg?w=380&h=238&fm=jpg&auto=compress&fit=crop","price":"7.99","pricePer":"$0.88 / oz","purchaseUnit":"8 count"},{"mainCategory":"Snacks","categoryName":"Crackers","subCategoryName":"Multi-Pack Crackers","title":"Organic Cheddar Cheese Crackers","producer":"Late July Organic Snacks","photoPath":"https://goodeggs4.imgix.net/4591b830-6191-42c4-9353-48ad4ca6945b.jpg?w=380&h=238&fm=jpg&auto=compress&fit=crop","price":"5.99","pricePer":"$0.66 / oz","purchaseUnit":"8 count"},{"mainCategory":"Snacks","categoryName":"Crackers","subCategoryName":"Multi-Pack Crackers","title":"Organic Cheddar Bunnies Snack Packs","producer":"Annie's Homegrown","photoPath":"https://goodeggs4.imgix.net/2813a588-d120-4e44-97ee-74921282735c.jpg?w=380&h=238&fm=jpg&auto=compress&fit=crop","price":"8.49","pricePer":"$0.70 / oz","purchaseUnit":"12 count"},{"mainCategory":"Snacks","categoryName":"Crackers","subCategoryName":"Multi-Pack Crackers","title":"Organic Peanut Butter Sandwich Crackers","producer":"Late July Organic Snacks","photoPath":"https://goodeggs4.imgix.net/e882d77d-f9d0-4e8e-9d5d-340276e29997.jpg?w=380&h=238&fm=jpg&auto=compress&fit=crop","price":"7.99","pricePer":"$0.88 / oz","purchaseUnit":"8 count"},{"mainCategory":"Snacks","categoryName":"Crackers","subCategoryName":"Multi-Pack Crackers","title":"Fine Ground Sea Salt Almond Flour Cracker Snack Packs","producer":"Simple Mills","photoPath":"https://goodeggs4.imgix.net/40744b1e-a459-4a4b-a13a-9ee10a9df8a5.jpg?w=380&h=238&fm=jpg&auto=compress&fit=crop","price":"5.99","pricePer":"$1.22 / oz","purchaseUnit":"6 count"},{"mainCategory":"Snacks","categoryName":"Crackers","subCategoryName":"Gluten-Free Crackers","title":"Fine Ground Sea Salt Almond Flour Crackers","producer":"Simple Mills","photoPath":"https://goodeggs4.imgix.net/f2a73464-93f0-4100-a923-531f99cf6fc7.jpg?w=380&h=238&fm=jpg&auto=compress&fit=crop","price":"4.99","pricePer":"$1.17 / oz","purchaseUnit":"4.25 oz"},{"mainCategory":"Snacks","categoryName":"Crackers","subCategoryName":"Gluten-Free Crackers","title":"Cheddar Crackers","producer":"Pipcorn","photoPath":"https://goodeggs4.imgix.net/0144b6c0-869d-11eb-a49c-035b9bcc7078?w=380&h=238&fm=jpg&auto=compress&fit=crop","price":"4.99","pricePer":"$1.17 / oz","purchaseUnit":"4.25 oz"},{"mainCategory":"Snacks","categoryName":"Crackers","subCategoryName":"Gluten-Free Crackers","title":"Organic Gluten-Free Original Crackers","producer":"Mary's Gone Crackers","photoPath":"https://goodeggs4.imgix.net/9d43b0d9-5729-4450-8687-3a81c996e23a.jpg?w=380&h=238&fm=jpg&auto=compress&fit=crop","price":"4.99","pricePer":"$0.76 / oz","purchaseUnit":"6.5 oz"},{"mainCategory":"Snacks","categoryName":"Crackers","subCategoryName":"Gluten-Free Crackers","title":"Rosemary & Sea Salt Almond Flour Crackers","producer":"Simple Mills","photoPath":"https://goodeggs4.imgix.net/86363c13-53d2-4af9-abc0-4d7433d37d88.jpg?w=380&h=238&fm=jpg&auto=compress&fit=crop","price":"4.99","pricePer":"$1.17 / oz","purchaseUnit":"4.25 oz"},{"mainCategory":"Snacks","categoryName":"Crackers","subCategoryName":"Gluten-Free Crackers","title":"Organic Gluten-Free Super Seed Crackers","producer":"Mary's Gone Crackers","photoPath":"https://goodeggs4.imgix.net/b88dba62-15e0-4801-a647-b8ccbe32f3e5.jpg?w=380&h=238&fm=jpg&auto=compress&fit=crop","price":"4.99","pricePer":"$0.90 / oz","purchaseUnit":"5.5 oz"},{"mainCategory":"Snacks","categoryName":"Crackers","subCategoryName":"Gluten-Free Crackers","title":"Everything Sprouted Seed Crackers","producer":"Simple Mills","photoPath":"https://goodeggs4.imgix.net/2caa51d5-7a55-4bc3-bc20-61ba5c39fb8b.jpg?w=380&h=238&fm=jpg&auto=compress&fit=crop","price":"4.99","pricePer":"$1.17 / oz","purchaseUnit":"4.25 oz"},{"mainCategory":"Snacks","categoryName":"Crackers","subCategoryName":"Gluten-Free Crackers","title":"Everything Crackers","producer":"Pipcorn","photoPath":"https://goodeggs4.imgix.net/064015b0-869e-11eb-8665-71949032d855?w=380&h=238&fm=jpg&auto=compress&fit=crop","price":"4.99","pricePer":"$1.17 / oz","purchaseUnit":"4.25 oz"},{"mainCategory":"Snacks","categoryName":"Crackers","subCategoryName":"Gluten-Free Crackers","title":"Organic Gluten-Free Herb Crackers","producer":"Mary's Gone Crackers","photoPath":"https://goodeggs4.imgix.net/a0114ea8-4889-4144-8cd3-ada412a33821.jpg?w=380&h=238&fm=jpg&auto=compress&fit=crop","price":"4.99","pricePer":"$0.76 / oz","purchaseUnit":"6.5 oz"},{"mainCategory":"Snacks","categoryName":"Crackers","subCategoryName":"Gluten-Free Crackers","title":"Original Sprouted Seed Crackers","producer":"Simple Mills","photoPath":"https://goodeggs4.imgix.net/c7c77fa7-fd51-4f6c-8c8e-6ae8e8b7c1e8.jpg?w=380&h=238&fm=jpg&auto=compress&fit=crop","price":"4.99","pricePer":"$1.17 / oz","purchaseUnit":"4.25 oz"},{"mainCategory":"Snacks","categoryName":"Crackers","subCategoryName":"Gluten-Free Crackers","title":"Cracked Black Pepper Almond Flour Crackers","producer":"Simple Mills","photoPath":"https://goodeggs4.imgix.net/00033d49-b8f2-423d-a823-d5651e0c2f0b.jpg?w=380&h=238&fm=jpg&auto=compress&fit=crop","price":"4.99","pricePer":"$1.17 / oz","purchaseUnit":"4.25 oz"},{"mainCategory":"Snacks","categoryName":"Crackers","subCategoryName":"Gluten-Free Crackers","title":"Organic Rosemary Flaxseed Crackers","producer":"The Organic Pantry","photoPath":"https://goodeggs4.imgix.net/8c3a7572-9dc4-4c6b-b887-f3eed1f1289e.jpg?w=380&h=238&fm=jpg&auto=compress&fit=crop","price":"7.99","pricePer":"$1.59 / oz","purchaseUnit":"5 oz"},{"mainCategory":"Snacks","categoryName":"Crackers","subCategoryName":"Gluten-Free Crackers","title":"Organic Sunflower Flaxseed Crackers","producer":"The Organic Pantry","photoPath":"https://goodeggs4.imgix.net/ae541396-3677-4be6-b11a-fe20d39f982b.jpg?w=380&h=238&fm=jpg&auto=compress&fit=crop","price":"7.99","pricePer":"$1.59 / oz","purchaseUnit":"5 oz"},{"mainCategory":"Snacks","categoryName":"Crackers","subCategoryName":"Gluten-Free Crackers","title":"Organic Turmeric Flaxseed Crackers","producer":"The Organic Pantry","photoPath":"https://goodeggs4.imgix.net/fb01eeb9-3684-48b6-921d-ef3781ff380c.jpg?w=380&h=238&fm=jpg&auto=compress&fit=crop","price":"7.99","pricePer":"$1.59 / oz","purchaseUnit":"5 oz"},{"mainCategory":"Snacks","categoryName":"Crackers","subCategoryName":"Specialty Crackers","title":"Apricot, Pistachio, & Brandy Crisps","producer":"Rustic Bakery","photoPath":"https://goodeggs4.imgix.net/c9c70485-24f0-480e-839c-262c716f0d22.jpg?w=380&h=238&fm=jpg&auto=compress&fit=crop","price":"6.49","pricePer":"$1.29 / oz","purchaseUnit":"5 oz"},{"mainCategory":"Snacks","categoryName":"Crackers","subCategoryName":"Specialty Crackers","title":"Tart Cherry, Cacao Nib & Almond Crisps","producer":"Rustic Bakery","photoPath":"https://goodeggs4.imgix.net/c92c19a0-c45b-4f41-8b78-c2723f3e3b26.jpg?w=380&h=238&fm=jpg&auto=compress&fit=crop","price":"6.49","pricePer":"$1.29 / oz","purchaseUnit":"5 oz"},{"mainCategory":"Snacks","categoryName":"Crackers","subCategoryName":"Specialty Crackers","title":"Citrus, Ginger, & Thyme Crisps","producer":"Rustic Bakery","photoPath":"https://goodeggs4.imgix.net/a6122ba5-731d-49e6-9255-4d2157487a93.jpg?w=380&h=238&fm=jpg&auto=compress&fit=crop","price":"6.49","pricePer":"$1.29 / oz","purchaseUnit":"5 oz"},{"mainCategory":"Snacks","categoryName":"Crackers","subCategoryName":"Specialty Crackers","title":"Organic Winter Wheat Crackers","producer":"Potter's Crackers","photoPath":"https://goodeggs4.imgix.net/839e7aa0-2e62-4f6d-bad2-8e5133163a8d.jpg?w=380&h=238&fm=jpg&auto=compress&fit=crop","price":"6.49","pricePer":"$1.29 / oz","purchaseUnit":"5 oz"},{"mainCategory":"Snacks","categoryName":"Crackers","subCategoryName":"Specialty Crackers","title":"Orange Olive Oil Tortas","producer":"Ines Rosales","photoPath":"https://goodeggs4.imgix.net/e4d7b762-79ad-429a-8414-e4ef7264ee80.jpg?w=380&h=238&fm=jpg&auto=compress&fit=crop","price":"6.49","pricePer":"$1.03 / oz","purchaseUnit":"6.3 oz"},{"mainCategory":"Snacks","categoryName":"Crackers","subCategoryName":"Specialty Crackers","title":"Crisp Sesame Breadsticks","producer":"Judy's Breadsticks","photoPath":"https://goodeggs4.imgix.net/dd5cbdd6-cd57-47ed-acaf-7099c2a67647.jpg?w=380&h=238&fm=jpg&auto=compress&fit=crop","price":"4.79","pricePer":"$0.95 / oz","purchaseUnit":"5 oz"},{"mainCategory":"Snacks","categoryName":"Crackers","subCategoryName":"Specialty Crackers","title":"Crisp Sunflower Breadsticks","producer":"Judy's Breadsticks","photoPath":"https://goodeggs4.imgix.net/67053a28-0ab8-4236-b90e-98f56dd1dfc5.jpg?w=380&h=238&fm=jpg&auto=compress&fit=crop","price":"4.79","pricePer":"$0.95 / oz","purchaseUnit":"5 oz"},{"mainCategory":"Snacks","categoryName":"Crackers","subCategoryName":"Specialty Crackers","title":"Cranberry Hazelnut Crisps","producer":"Potter's Crackers","photoPath":"https://goodeggs4.imgix.net/de6e971b-d921-4552-8582-8b05061987ab.jpg?w=380&h=238&fm=jpg&auto=compress&fit=crop","price":"6.49","pricePer":"$1.29 / oz","purchaseUnit":"5 oz"},{"mainCategory":"Snacks","categoryName":"Salsa & Dips","subCategoryName":"Salsa & Guacamole","title":"Roasted Tomato Chipotle Salsa","producer":"Primavera","photoPath":"https://goodeggs4.imgix.net/6931a169-efb6-43c8-8a15-fb4e6398924e.jpg?w=380&h=238&fm=jpg&auto=compress&fit=crop","price":"5.99","pricePer":"$0.57 / oz","purchaseUnit":"10.5 oz"},{"mainCategory":"Snacks","categoryName":"Salsa & Dips","subCategoryName":"Salsa & Guacamole","title":"Medium Salsa Organica","producer":"Casa Sanchez","photoPath":"https://goodeggs4.imgix.net/d4529e3e-bcc9-4809-9380-bc617ea18acd.jpg?w=380&h=238&fm=jpg&auto=compress&fit=crop","price":"5.99","pricePer":"$0.40 / oz","purchaseUnit":"15 oz"},{"mainCategory":"Snacks","categoryName":"Salsa & Dips","subCategoryName":"Salsa & Guacamole","title":"Original Roasted Tomato Salsa","producer":"Papalote Mexican Grill","photoPath":"https://goodeggs4.imgix.net/bb8ffba1-9ba8-4f2c-83fc-c6b9404cdd0a.jpg?w=380&h=238&fm=jpg&auto=compress&fit=crop","price":"6.99","pricePer":"$0.44 / oz","purchaseUnit":"15.75 oz"},{"mainCategory":"Snacks","categoryName":"Salsa & Dips","subCategoryName":"Salsa & Guacamole","title":"Organic Medium Jalapeño Salsa","producer":"Late July Organic Snacks","photoPath":"https://goodeggs4.imgix.net/abc4facb-d079-4144-a3c9-4c34c17ec8fc.jpg?w=380&h=238&fm=jpg&auto=compress&fit=crop","price":"3.99","pricePer":"$0.26 / oz","purchaseUnit":"15.5 oz"},{"mainCategory":"Snacks","categoryName":"Salsa & Dips","subCategoryName":"Salsa & Guacamole","title":"Mild Tomatillo Salsa Verde","producer":"Late July Organic Snacks","photoPath":"https://goodeggs4.imgix.net/0529ccc0-7e53-4363-8730-7c12fa0a91de.jpg?w=380&h=238&fm=jpg&auto=compress&fit=crop","price":"3.99","pricePer":"$0.26 / oz","purchaseUnit":"15.5 oz"},{"mainCategory":"Snacks","categoryName":"Salsa & Dips","subCategoryName":"Salsa & Guacamole","title":"Pico de Gallo Salsa","producer":"Healthy Food Inc. Kitchen","photoPath":"https://goodeggs4.imgix.net/f587159b-1c42-4635-8b5b-e88fa4d10934.jpg?w=380&h=238&fm=jpg&auto=compress&fit=crop","price":"5.99","pricePer":"$0.49 / oz","purchaseUnit":"12 oz"},{"mainCategory":"Snacks","categoryName":"Salsa & Dips","subCategoryName":"Salsa & Guacamole","title":"Chunky Pico de Gallo Salsa","producer":"Casa Sanchez","photoPath":"https://goodeggs4.imgix.net/145bac69-5c8a-4b51-8740-e929bdb11b44.jpg?w=380&h=238&fm=jpg&auto=compress&fit=crop","price":"4.99","pricePer":"$0.33 / oz","purchaseUnit":"15 oz"},{"mainCategory":"Snacks","categoryName":"Salsa & Dips","subCategoryName":"Salsa & Guacamole","title":"Medium Roasted Verde Salsa","producer":"Casa Sanchez","photoPath":"https://goodeggs4.imgix.net/3d28acca-d968-425a-a986-dc13a40c3860.jpg?w=380&h=238&fm=jpg&auto=compress&fit=crop","price":"4.99","pricePer":"$0.33 / oz","purchaseUnit":"15 oz"},{"mainCategory":"Snacks","categoryName":"Salsa & Dips","subCategoryName":"Salsa & Guacamole","title":"Chipotle Roasted Tomato Salsa","producer":"Papalote Mexican Grill","photoPath":"https://goodeggs4.imgix.net/d641ff9d-cd31-4bee-97b2-55d5051717f8.jpg?w=380&h=238&fm=jpg&auto=compress&fit=crop","price":"6.99","pricePer":"$0.44 / oz","purchaseUnit":"15.75 oz"},{"mainCategory":"Snacks","categoryName":"Salsa & Dips","subCategoryName":"Salsa & Guacamole","title":"Organic Mild Jalapeño Salsa","producer":"Late July Organic Snacks","photoPath":"https://goodeggs4.imgix.net/fc92524e-4668-4d2e-97d4-0623ebbc80f6.jpg?w=380&h=238&fm=jpg&auto=compress&fit=crop","price":"3.99","pricePer":"$0.26 / oz","purchaseUnit":"15.5 oz"},{"mainCategory":"Snacks","categoryName":"Salsa & Dips","subCategoryName":"Salsa & Guacamole","title":"Mild Heirloom Tomato Salsa","producer":"Happy Girl Kitchen","photoPath":"https://goodeggs4.imgix.net/c81893ce-a96d-48a1-aa80-0edacf7b2b85.jpg?w=380&h=238&fm=jpg&auto=compress&fit=crop","price":"7.49","pricePer":"$0.47 / oz","purchaseUnit":"16 oz"},{"mainCategory":"Snacks","categoryName":"Salsa & Dips","subCategoryName":"Salsa & Guacamole","title":"Serrano-Tomatillo Roasted Tomato Salsa","producer":"Papalote Mexican Grill","photoPath":"https://goodeggs4.imgix.net/480427b4-a68a-4541-b1ca-78486e8de1fb.jpg?w=380&h=238&fm=jpg&auto=compress&fit=crop","price":"6.99","pricePer":"$0.44 / oz","purchaseUnit":"15.75 oz"},{"mainCategory":"Snacks","categoryName":"Salsa & Dips","subCategoryName":"Salsa & Guacamole","title":"Hot Salsa Roja","producer":"Casa Sanchez","photoPath":"https://goodeggs4.imgix.net/9033ba58-77a8-4c6a-b76d-18bdca2d2e6d.jpg?w=380&h=238&fm=jpg&auto=compress&fit=crop","price":"4.99","pricePer":"$0.33 / oz","purchaseUnit":"15 oz"},{"mainCategory":"Snacks","categoryName":"Salsa & Dips","subCategoryName":"Salsa & Guacamole","title":"Guacamole","producer":"Healthy Food Inc. Kitchen","photoPath":"https://goodeggs4.imgix.net/1b8339d1-c001-4e5b-8faa-3c354bc0cbba.jpg?w=380&h=238&fm=jpg&auto=compress&fit=crop","price":"6.99","pricePer":"$0.69 / oz","purchaseUnit":"10 oz"},{"mainCategory":"Snacks","categoryName":"Salsa & Dips","subCategoryName":"Salsa & Guacamole","title":"Taqueria Style Avocado Salsa","producer":"Casa Sanchez","photoPath":"https://goodeggs4.imgix.net/dad32fe7-2a1d-4f3e-b8d8-0f150b55f073.jpg?w=380&h=238&fm=jpg&auto=compress&fit=crop","price":"5.99","pricePer":"$0.40 / oz","purchaseUnit":"15 oz"},{"mainCategory":"Snacks","categoryName":"Salsa & Dips","subCategoryName":"Salsa & Guacamole","title":"Real Guacamole","producer":"Casa Sanchez","photoPath":"https://goodeggs4.imgix.net/e105a112-e7a3-478c-ba97-0ba873b7ab4a.jpg?w=380&h=238&fm=jpg&auto=compress&fit=crop","price":"6.99","pricePer":"$0.58 / oz","purchaseUnit":"12 oz"},{"mainCategory":"Snacks","categoryName":"Salsa & Dips","subCategoryName":"Salsa & Guacamole","title":"Organic Mild Green Chile Guacamole","producer":"Hope Foods","photoPath":"https://goodeggs4.imgix.net/887569da-09a7-41a9-a33a-c45c3a1042f5.jpg?w=380&h=238&fm=jpg&auto=compress&fit=crop","price":"4.99","pricePer":"$0.62 / oz","purchaseUnit":"8 oz"},{"mainCategory":"Snacks","categoryName":"Salsa & Dips","subCategoryName":"Dips & Spreads","title":"Refried Cuban Black Beans","producer":"Better Bean","photoPath":"https://goodeggs4.imgix.net/857d288c-dae6-444a-9c40-64e68b35d8d5.jpg?w=380&h=238&fm=jpg&auto=compress&fit=crop","price":"4.39","pricePer":"$4.68 / lb","purchaseUnit":"15 oz"},{"mainCategory":"Snacks","categoryName":"Salsa & Dips","subCategoryName":"Dips & Spreads","title":"Uncanny Refried Black Beans","producer":"Better Bean","photoPath":"https://goodeggs4.imgix.net/280a795b-c688-43e7-90de-e4f8b5e1deec.jpg?w=380&h=238&fm=jpg&auto=compress&fit=crop","price":"4.39","pricePer":"$4.68 / lb","purchaseUnit":"15 oz"},{"mainCategory":"Snacks","categoryName":"Salsa & Dips","subCategoryName":"Dips & Spreads","title":"Skillet Refried Red Beans","producer":"Better Bean","photoPath":"https://goodeggs4.imgix.net/90bea518-12ad-4831-b6f5-770c04eaf0c6.jpg?w=380&h=238&fm=jpg&auto=compress&fit=crop","price":"4.39","pricePer":"$4.68 / lb","purchaseUnit":"15 oz"},{"mainCategory":"Snacks","categoryName":"Salsa & Dips","subCategoryName":"Dips & Spreads","title":"Red Pepper Walnut Dip","producer":"Healthy Food Inc. Kitchen","photoPath":"https://goodeggs4.imgix.net/17fee2bb-e751-4c0f-8000-7d262166c541.jpg?w=380&h=238&fm=jpg&auto=compress&fit=crop","price":"5.99","pricePer":"$0.74 / oz","purchaseUnit":"8 oz"},{"mainCategory":"Snacks","categoryName":"Salsa & Dips","subCategoryName":"Dips & Spreads","title":"French Onion Dip","producer":"Healthy Food Inc. Kitchen","photoPath":"https://goodeggs4.imgix.net/5c5a18c4-e590-4fd0-ae62-f9e3ea9c6554.jpg?w=380&h=238&fm=jpg&auto=compress&fit=crop","price":"4.99","pricePer":"$0.62 / oz","purchaseUnit":"8 oz"},{"mainCategory":"Snacks","categoryName":"Salsa & Dips","subCategoryName":"Dips & Spreads","title":"Tzatziki","producer":"Mezes Artisan","photoPath":"https://goodeggs4.imgix.net/02dd04a5-b069-45e6-8844-98e649651099.jpg?w=380&h=238&fm=jpg&auto=compress&fit=crop","price":"6.79","pricePer":"$0.97 / oz","purchaseUnit":"7 oz"},{"mainCategory":"Snacks","categoryName":"Salsa & Dips","subCategoryName":"Dips & Spreads","title":"Beet Root Hummus","producer":"Kantine","photoPath":"https://goodeggs4.imgix.net/33140f78-6533-4484-a9b6-44298fcabed7.jpg?w=380&h=238&fm=jpg&auto=compress&fit=crop","price":"4.99","pricePer":null,"purchaseUnit":"8 oz"},{"mainCategory":"Snacks","categoryName":"Salsa & Dips","subCategoryName":"Dips & Spreads","title":"Roasted Red Pepper & Feta Spread","producer":"Mezes Artisan","photoPath":"https://goodeggs4.imgix.net/bc55e827-dba1-429b-8da6-d816b352a164.jpg?w=380&h=238&fm=jpg&auto=compress&fit=crop","price":"6.79","pricePer":"$0.97 / oz","purchaseUnit":"7 oz"},{"mainCategory":"Snacks","categoryName":"Salsa & Dips","subCategoryName":"Dips & Spreads","title":"Smoked Eggplant Dip","producer":"Mezes Artisan","photoPath":"https://goodeggs4.imgix.net/7369d894-57b2-4548-aa1f-fc7746fb36b0.jpg?w=380&h=238&fm=jpg&auto=compress&fit=crop","price":"6.79","pricePer":"$0.97 / oz","purchaseUnit":"7 oz"},{"mainCategory":"Snacks","categoryName":"Salsa & Dips","subCategoryName":"Dips & Spreads","title":"Baba Ghannouge","producer":"Haigs Delicacies","photoPath":"https://goodeggs4.imgix.net/2c00b8e5-20ab-4ef1-b488-d7e515990825.jpg?w=380&h=238&fm=jpg&auto=compress&fit=crop","price":"3.99","pricePer":"$0.49 / oz","purchaseUnit":"8 oz"},{"mainCategory":"Snacks","categoryName":"Salsa & Dips","subCategoryName":"Dips & Spreads","title":"Plant-Based Spicy Jalapeno Queso","producer":"LOCA","photoPath":"https://goodeggs4.imgix.net/852e4d2e-ee4a-4fd7-b3d8-ec0a9f263d1c.jpg?w=380&h=238&fm=jpg&auto=compress&fit=crop","price":"8.99","pricePer":"$0.74 / oz","purchaseUnit":"12 oz"},{"mainCategory":"Snacks","categoryName":"Salsa & Dips","subCategoryName":"Dips & Spreads","title":"Plant-Based Ranch Dip","producer":"Kite Hill","photoPath":"https://goodeggs4.imgix.net/49086dcb-28a9-47ab-938b-0c05dec3eaa5.jpg?w=380&h=238&fm=jpg&auto=compress&fit=crop","price":"3.79","pricePer":"$7.58 / lb","purchaseUnit":"8 oz"},{"mainCategory":"Snacks","categoryName":"Salsa & Dips","subCategoryName":"Dips & Spreads","title":"Roasted Parsnip Spread","producer":"Kantine","photoPath":"https://goodeggs4.imgix.net/a62e8b06-b75d-45ce-a185-f27609008f77.jpg?w=380&h=238&fm=jpg&auto=compress&fit=crop","price":"4.99","pricePer":null,"purchaseUnit":"8 oz"},{"mainCategory":"Snacks","categoryName":"Salsa & Dips","subCategoryName":"Dips & Spreads","title":"Plant-Based Mild Nacho Queso","producer":"LOCA","photoPath":"https://goodeggs4.imgix.net/d8f2663b-4193-480d-a567-d9dee65f7ee8.jpg?w=380&h=238&fm=jpg&auto=compress&fit=crop","price":"8.99","pricePer":"$0.74 / oz","purchaseUnit":"12 oz"},{"mainCategory":"Snacks","categoryName":"Salsa & Dips","subCategoryName":"Dips & Spreads","title":"Plant-Based French Onion Dip","producer":"Kite Hill","photoPath":"https://goodeggs4.imgix.net/45b7c233-7a10-4e74-bc9e-50f8216e0ab1.jpg?w=380&h=238&fm=jpg&auto=compress&fit=crop","price":"3.79","pricePer":"$7.58 / lb","purchaseUnit":"8 oz"},{"mainCategory":"Snacks","categoryName":"Salsa & Dips","subCategoryName":"Dips & Spreads","title":"Roasted Chipotle Red Beans","producer":"Better Bean","photoPath":"https://goodeggs4.imgix.net/0f3bc3f8-418c-4074-8d2a-3aa6135fcabd.jpg?w=380&h=238&fm=jpg&auto=compress&fit=crop","price":"4.39","pricePer":"$4.68 / lb","purchaseUnit":"15 oz"},{"mainCategory":"Snacks","categoryName":"Salsa & Dips","subCategoryName":"Dips & Spreads","title":"Artichoke Dip","producer":"Healthy Food Inc. Kitchen","photoPath":"https://goodeggs4.imgix.net/e73c6229-e81f-4f53-ab46-c451afa203a0.jpg?w=380&h=238&fm=jpg&auto=compress&fit=crop","price":"4.99","pricePer":"$0.62 / oz","purchaseUnit":"8 oz"},{"mainCategory":"Snacks","categoryName":"Salsa & Dips","subCategoryName":"Hummus","title":"Organic Original Hummus","producer":"The Hummus Guy","photoPath":"https://goodeggs4.imgix.net/c67f0583-fd3f-46fe-97d9-539df73beb16.jpg?w=380&h=238&fm=jpg&auto=compress&fit=crop","price":"4.79","pricePer":"$0.59 / oz","purchaseUnit":"8 oz"},{"mainCategory":"Snacks","categoryName":"Salsa & Dips","subCategoryName":"Hummus","title":"Classic Hummus","producer":"Haigs Delicacies","photoPath":"https://goodeggs4.imgix.net/9cb8799b-4049-445b-acec-148585b4778e.jpg?w=380&h=238&fm=jpg&auto=compress&fit=crop","price":"5.69","pricePer":"$0.36 / oz","purchaseUnit":"16 oz"},{"mainCategory":"Snacks","categoryName":"Salsa & Dips","subCategoryName":"Hummus","title":"Classic Hummus","producer":"Haigs Delicacies","photoPath":"https://goodeggs4.imgix.net/07dd38cf-1df3-4693-9d2f-431b44977ce9.jpg?w=380&h=238&fm=jpg&auto=compress&fit=crop","price":"3.79","pricePer":"$0.47 / oz","purchaseUnit":"8 oz"},{"mainCategory":"Snacks","categoryName":"Salsa & Dips","subCategoryName":"Hummus","title":"Beet Root Hummus","producer":"Kantine","photoPath":"https://goodeggs4.imgix.net/33140f78-6533-4484-a9b6-44298fcabed7.jpg?w=380&h=238&fm=jpg&auto=compress&fit=crop","price":"4.99","pricePer":null,"purchaseUnit":"8 oz"},{"mainCategory":"Snacks","categoryName":"Salsa & Dips","subCategoryName":"Hummus","title":"Organic Roasted Red Pepper Hummus","producer":"The Hummus Guy","photoPath":"https://goodeggs4.imgix.net/47d5c97d-8a95-4f64-9238-8cb13d559410.jpg?w=380&h=238&fm=jpg&auto=compress&fit=crop","price":"4.79","pricePer":"$0.59 / oz","purchaseUnit":"8 oz"},{"mainCategory":"Snacks","categoryName":"Salsa & Dips","subCategoryName":"Hummus","title":"Organic Garlic & Chives Hummus","producer":"The Hummus Guy","photoPath":"https://goodeggs4.imgix.net/b79e566e-dd0c-4e1c-bd6f-0ba73ce31c62.jpg?w=380&h=238&fm=jpg&auto=compress&fit=crop","price":"4.79","pricePer":"$0.59 / oz","purchaseUnit":"8 oz"},{"mainCategory":"Snacks","categoryName":"Salsa & Dips","subCategoryName":"Hummus","title":"Organic Black Garlic Hummus","producer":"Hope Foods","photoPath":"https://goodeggs4.imgix.net/87e7929c-251c-49af-b557-f822a223384e.jpg?w=380&h=238&fm=jpg&auto=compress&fit=crop","price":"3.99","pricePer":"$0.49 / oz","purchaseUnit":"8 oz"},{"mainCategory":"Snacks","categoryName":"Salsa & Dips","subCategoryName":"Hummus","title":"Organic Jalapeño & Cilantro Hummus","producer":"The Hummus Guy","photoPath":"https://goodeggs4.imgix.net/2e9b3948-5302-4a3c-b9ea-d55dc9e23745.jpg?w=380&h=238&fm=jpg&auto=compress&fit=crop","price":"4.79","pricePer":"$0.59 / oz","purchaseUnit":"8 oz"},{"mainCategory":"Snacks","categoryName":"Salsa & Dips","subCategoryName":"Hummus","title":"Roasted Red Pepper Hummus","producer":"Haigs Delicacies","photoPath":"https://goodeggs4.imgix.net/c8fee21d-8db6-4d38-8440-b68e711fb7cd.jpg?w=380&h=238&fm=jpg&auto=compress&fit=crop","price":"3.79","pricePer":"$0.47 / oz","purchaseUnit":"8 oz"},{"mainCategory":"Snacks","categoryName":"Salsa & Dips","subCategoryName":"Hummus","title":"Spicy Hummus","producer":"Haigs Delicacies","photoPath":"https://goodeggs4.imgix.net/c7a9ba7b-e8a4-446b-b9be-f84f44a50eee.jpg?w=380&h=238&fm=jpg&auto=compress&fit=crop","price":"3.79","pricePer":"$0.47 / oz","purchaseUnit":"8 oz"},{"mainCategory":"Snacks","categoryName":"Salsa & Dips","subCategoryName":"Hummus","title":"Organic Thai Coconut Curry Hummus","producer":"Hope Foods","photoPath":"https://goodeggs4.imgix.net/5a74764b-bd77-4107-bcf3-f23d4df58145.jpg?w=380&h=238&fm=jpg&auto=compress&fit=crop","price":"3.99","pricePer":"$0.49 / oz","purchaseUnit":"8 oz"},{"mainCategory":"Snacks","categoryName":"Salsa & Dips","subCategoryName":"Hummus","title":"Organic Spicy Avocado Hummus","producer":"Hope Foods","photoPath":"https://goodeggs4.imgix.net/0cc83211-3689-4d4c-83f5-06a28d00f0c2.jpg?w=380&h=238&fm=jpg&auto=compress&fit=crop","price":"3.99","pricePer":"$0.49 / oz","purchaseUnit":"8 oz"},{"mainCategory":"Snacks","categoryName":"Salsa & Dips","subCategoryName":"Hummus","title":"3-Lentil Hummus","producer":"Kantine","photoPath":"https://goodeggs4.imgix.net/f481005f-06ec-4025-8507-3803b0719e17.jpg?w=380&h=238&fm=jpg&auto=compress&fit=crop","price":"4.99","pricePer":"$0.62 / oz","purchaseUnit":"8 oz"},{"mainCategory":"Snacks","categoryName":"Dried Fruit & Nuts","subCategoryName":"Bulk Dried Fruit","title":"Bulk Dried Mango Slices","producer":"Healthy Food Inc. Kitchen","photoPath":"https://goodeggs4.imgix.net/7fd48dbb-ac7c-4f07-a13e-bc1b4259f2e2.jpg?w=380&h=238&fm=jpg&auto=compress&fit=crop","price":"13.99","pricePer":"$13.99 / lb","purchaseUnit":"16 oz"},{"mainCategory":"Snacks","categoryName":"Dried Fruit & Nuts","subCategoryName":"Bulk Dried Fruit","title":"Bulk Organic Dried Black Mission Figs","producer":"Healthy Food Inc. Kitchen","photoPath":"https://goodeggs4.imgix.net/1d5c4499-34bc-4ff7-a506-7d5e8520afaa.jpg?w=380&h=238&fm=jpg&auto=compress&fit=crop","price":"9.99","pricePer":"$9.99 / lb","purchaseUnit":"16 oz"},{"mainCategory":"Snacks","categoryName":"Dried Fruit & Nuts","subCategoryName":"Bulk Nuts & Seeds","title":"Bulk Raw Cashews","producer":"Healthy Food Inc. Kitchen","photoPath":"https://goodeggs4.imgix.net/2830db65-8267-4d20-a811-aac42ea6db73.jpg?w=380&h=238&fm=jpg&auto=compress&fit=crop","price":"15.99","pricePer":"$15.99 / lb","purchaseUnit":"16 oz"},{"mainCategory":"Snacks","categoryName":"Dried Fruit & Nuts","subCategoryName":"Bulk Nuts & Seeds","title":"Roasted Almonds","producer":"Healthy Food Inc. Kitchen","photoPath":"https://goodeggs4.imgix.net/02f45598-2100-41f7-b522-7e804bb957ee.jpg?w=380&h=238&fm=jpg&auto=compress&fit=crop","price":"14.99","pricePer":"$14.99 / lb","purchaseUnit":"16 oz"},{"mainCategory":"Snacks","categoryName":"Dried Fruit & Nuts","subCategoryName":"Nuts","title":"Organic Roasted & Salted Cashews","producer":"Equal Exchange","photoPath":"https://goodeggs4.imgix.net/22226c43-5a0b-486d-a395-47ef14a5091f.jpg?w=380&h=238&fm=jpg&auto=compress&fit=crop","price":"7.99","pricePer":"$15.98 / lb","purchaseUnit":"8 oz"},{"mainCategory":"Snacks","categoryName":"Dried Fruit & Nuts","subCategoryName":"Nuts","title":"Organic Unsalted Cashews","producer":"Equal Exchange","photoPath":"https://goodeggs4.imgix.net/984960bd-6c58-4d13-bc45-808b02461af7.jpg?w=380&h=238&fm=jpg&auto=compress&fit=crop","price":"7.99","pricePer":"$15.98 / lb","purchaseUnit":"8 oz"},{"mainCategory":"Snacks","categoryName":"Dried Fruit & Nuts","subCategoryName":"Nuts","title":"Organic Fair Trade Dry Roasted Cashews","producer":"Tierra Farm","photoPath":"https://goodeggs4.imgix.net/af9e3976-5629-4126-875b-121ceb1b7ed8.jpg?w=380&h=238&fm=jpg&auto=compress&fit=crop","price":"9.49","pricePer":"$18.98 / lb","purchaseUnit":"8 oz"},{"mainCategory":"Snacks","categoryName":"Dried Fruit & Nuts","subCategoryName":"Nuts","title":"Organic Fair Trade Dry Roasted Cashews","producer":"Tierra Farm","photoPath":"https://goodeggs4.imgix.net/af9e3976-5629-4126-875b-121ceb1b7ed8.jpg?w=380&h=238&fm=jpg&auto=compress&fit=crop","price":"5.99","pricePer":"$23.96 / lb","purchaseUnit":"4 oz"},{"mainCategory":"Snacks","categoryName":"Dried Fruit & Nuts","subCategoryName":"Nuts","title":"Organic Raw Pine Nuts","producer":"Tierra Farm","photoPath":"https://goodeggs4.imgix.net/34ed52cb-9d3e-408e-9715-ac89a3864d5c.jpg?w=380&h=238&fm=jpg&auto=compress&fit=crop","price":"9.99","pricePer":"$39.96 / lb","purchaseUnit":"4 oz"},{"mainCategory":"Snacks","categoryName":"Dried Fruit & Nuts","subCategoryName":"Nuts","title":"Organic Raw Brazil Nuts","producer":"Tierra Farm","photoPath":"https://goodeggs4.imgix.net/55384772-15a3-48b1-ba3d-4c1feb3f678e.jpg?w=380&h=238&fm=jpg&auto=compress&fit=crop","price":"5.49","pricePer":"$21.96 / lb","purchaseUnit":"4 oz"},{"mainCategory":"Snacks","categoryName":"Dried Fruit & Nuts","subCategoryName":"Nuts","title":"Organic Macadamia Nuts","producer":"Tierra Farm","photoPath":"https://goodeggs4.imgix.net/a49e4306-2b54-41c5-b4bd-2c0a323512fe.jpg?w=380&h=238&fm=jpg&auto=compress&fit=crop","price":"8.99","pricePer":"$35.96 / lb","purchaseUnit":"4 oz"},{"mainCategory":"Snacks","categoryName":"Dried Fruit & Nuts","subCategoryName":"Nuts","title":"Lightly Salted Jumbo Peanuts","producer":"CB's Nuts","photoPath":"https://goodeggs4.imgix.net/d1319203-e6d3-4e7d-8963-d29fb24a4821.jpg?w=380&h=238&fm=jpg&auto=compress&fit=crop","price":"5.49","pricePer":"$7.32 / lb","purchaseUnit":"12 oz"},{"mainCategory":"Snacks","categoryName":"Dried Fruit & Nuts","subCategoryName":"Nuts","title":"Marcona Almonds","producer":"Matiz","photoPath":"https://goodeggs4.imgix.net/73412186-fcdd-4a8f-bf2c-7fec595ee38d.jpg?w=380&h=238&fm=jpg&auto=compress&fit=crop","price":"7.99","pricePer":"$31.96 / lb","purchaseUnit":"4 oz"},{"mainCategory":"Snacks","categoryName":"Dried Fruit & Nuts","subCategoryName":"Nuts","title":"Organic Raw Almonds","producer":"Tierra Farm","photoPath":"https://goodeggs4.imgix.net/a43a78f7-b970-4dd5-8abc-2f119bd3a413.jpg?w=380&h=238&fm=jpg&auto=compress&fit=crop","price":"13.99","pricePer":"$13.99 / lb","purchaseUnit":"16 oz"},{"mainCategory":"Snacks","categoryName":"Dried Fruit & Nuts","subCategoryName":"Nuts","title":"Organic Dry-Roasted Salted Almonds","producer":"Tierra Farm","photoPath":"https://goodeggs4.imgix.net/cbbffc8a-5ae0-403f-9bfe-99938d65414b.jpg?w=380&h=238&fm=jpg&auto=compress&fit=crop","price":"14.99","pricePer":"$14.99 / lb","purchaseUnit":"16 oz"},{"mainCategory":"Snacks","categoryName":"Dried Fruit & Nuts","subCategoryName":"Nuts","title":"Organic Raw Sliced Almonds","producer":"Tierra Farm","photoPath":"https://goodeggs4.imgix.net/d1bdbdae-9849-4ee5-bb48-0a286e7f5820.jpg?w=380&h=238&fm=jpg&auto=compress&fit=crop","price":"4.99","pricePer":"$19.96 / lb","purchaseUnit":"4 oz"},{"mainCategory":"Snacks","categoryName":"Dried Fruit & Nuts","subCategoryName":"Nuts","title":"Roasted Almonds","producer":"Yolo Farmstand","photoPath":"https://goodeggs4.imgix.net/f721ae4b-b12a-4997-b9ce-7ab8671583cc.jpg?w=380&h=238&fm=jpg&auto=compress&fit=crop","price":"9.99","pricePer":"$22.83 / lb","purchaseUnit":"7 oz"},{"mainCategory":"Snacks","categoryName":"Dried Fruit & Nuts","subCategoryName":"Nuts","title":"Organic Raw Almonds","producer":"Tierra Farm","photoPath":"https://goodeggs4.imgix.net/91718263-eb5f-478f-91cd-cc5695062942.jpg?w=380&h=238&fm=jpg&auto=compress&fit=crop","price":"7.49","pricePer":"$14.98 / lb","purchaseUnit":"8 oz"},{"mainCategory":"Snacks","categoryName":"Dried Fruit & Nuts","subCategoryName":"Nuts","title":"Organic Dry-Roasted Salted Almonds","producer":"Tierra Farm","photoPath":"https://goodeggs4.imgix.net/0b7bd59c-85f7-48d5-b703-01fdd6e7cb42.jpg?w=380&h=238&fm=jpg&auto=compress&fit=crop","price":"7.99","pricePer":"$15.98 / lb","purchaseUnit":"8 oz"},{"mainCategory":"Snacks","categoryName":"Dried Fruit & Nuts","subCategoryName":"Nuts","title":"Raw Almonds","producer":"Yolo Farmstand","photoPath":"https://goodeggs4.imgix.net/e639dbc0-5e99-4a8c-83d4-cecf256d085e.jpg?w=380&h=238&fm=jpg&auto=compress&fit=crop","price":"14.99","pricePer":"$14.99 / lb","purchaseUnit":"16 oz"},{"mainCategory":"Snacks","categoryName":"Dried Fruit & Nuts","subCategoryName":"Nuts","title":"Unsalted Roasted Almonds","producer":"Maisie Jane's","photoPath":"https://goodeggs4.imgix.net/44f51217-d577-4bae-92b8-6daa814cc607.jpg?w=380&h=238&fm=jpg&auto=compress&fit=crop","price":"9.99","pricePer":"$11.41 / lb","purchaseUnit":"14 oz"},{"mainCategory":"Snacks","categoryName":"Dried Fruit & Nuts","subCategoryName":"Nuts","title":"Unsalted Natural Almonds","producer":"Maisie Jane's","photoPath":"https://goodeggs4.imgix.net/9908dab2-0597-4a8f-ac64-8c12ab970cf8.jpg?w=380&h=238&fm=jpg&auto=compress&fit=crop","price":"9.99","pricePer":"$11.41 / lb","purchaseUnit":"14 oz"},{"mainCategory":"Snacks","categoryName":"Dried Fruit & Nuts","subCategoryName":"Nuts","title":"Organic Raw Chandler Walnut Halves","producer":"Old Dog Ranch","photoPath":"https://goodeggs4.imgix.net/77c4b4f5-287b-4314-8b1a-4409de00e3aa.jpg?w=380&h=238&fm=jpg&auto=compress&fit=crop","price":"16.99","pricePer":"$1.06 / oz","purchaseUnit":"16 oz"},{"mainCategory":"Snacks","categoryName":"Dried Fruit & Nuts","subCategoryName":"Nuts","title":"Organic Toasted Chandler Walnut Halves","producer":"Old Dog Ranch","photoPath":"https://goodeggs4.imgix.net/4de58099-fa73-494c-8b0f-9d60d161f0c5.jpg?w=380&h=238&fm=jpg&auto=compress&fit=crop","price":"10.99","pricePer":"$1.37 / oz","purchaseUnit":"8 oz"},{"mainCategory":"Snacks","categoryName":"Dried Fruit & Nuts","subCategoryName":"Nuts","title":"Raw Chandler Walnut Halves","producer":"Yolo Farmstand","photoPath":"https://goodeggs4.imgix.net/f3b530e1-bee5-4145-9e08-f797cd666f22.jpg?w=380&h=238&fm=jpg&auto=compress&fit=crop","price":"16.99","pricePer":"$16.99 / lb","purchaseUnit":"16 oz"},{"mainCategory":"Snacks","categoryName":"Dried Fruit & Nuts","subCategoryName":"Nuts","title":"Organic Toasted Chandler Walnut Halves","producer":"Old Dog Ranch","photoPath":"https://goodeggs4.imgix.net/08a47b56-5fa5-47e7-b48c-4f407678b261.jpg?w=380&h=238&fm=jpg&auto=compress&fit=crop","price":"18.99","pricePer":"$1.18 / oz","purchaseUnit":"16 oz"},{"mainCategory":"Snacks","categoryName":"Dried Fruit & Nuts","subCategoryName":"Nuts","title":"Roasted Chandler Walnuts","producer":"Yolo Farmstand","photoPath":"https://goodeggs4.imgix.net/4a38a678-2807-4ab1-820a-5abe09176343.jpg?w=380&h=238&fm=jpg&auto=compress&fit=crop","price":"5.49","pricePer":"$25.09 / lb","purchaseUnit":"3.5 oz"},{"mainCategory":"Snacks","categoryName":"Dried Fruit & Nuts","subCategoryName":"Nuts","title":"Raw Pecans","producer":"Healthy Food Inc. Kitchen","photoPath":"https://goodeggs4.imgix.net/d73d06e4-4735-40d7-9816-c21c1a1f00f7.jpg?w=380&h=238&fm=jpg&auto=compress&fit=crop","price":"6.99","pricePer":"$27.96 / lb","purchaseUnit":"4 oz"},{"mainCategory":"Snacks","categoryName":"Dried Fruit & Nuts","subCategoryName":"Nuts","title":"Bulk Raw Pecans","producer":"Healthy Food Inc. Kitchen","photoPath":"https://goodeggs4.imgix.net/3cd5a0be-a203-405c-9985-25c0737ab9a8.jpg?w=380&h=238&fm=jpg&auto=compress&fit=crop","price":"18.99","pricePer":"$18.99 / lb","purchaseUnit":"16 oz"},{"mainCategory":"Snacks","categoryName":"Dried Fruit & Nuts","subCategoryName":"Nuts","title":"Chopped Pecans","producer":"Healthy Food Inc. Kitchen","photoPath":"https://goodeggs4.imgix.net/15b0f924-bf2c-400d-b323-69012895200d.jpg?w=380&h=238&fm=jpg&auto=compress&fit=crop","price":"8.99","pricePer":"$17.98 / lb","purchaseUnit":"8 oz"},{"mainCategory":"Snacks","categoryName":"Dried Fruit & Nuts","subCategoryName":"Nuts","title":"Lightly Salted Pistachios","producer":"Fiddyment Farms","photoPath":"https://goodeggs4.imgix.net/9eba777c-a52d-4ced-ba4d-71d8b6ee4455.jpg?w=380&h=238&fm=jpg&auto=compress&fit=crop","price":"9.99","pricePer":"$9.99 / lb","purchaseUnit":"16 oz"},{"mainCategory":"Snacks","categoryName":"Dried Fruit & Nuts","subCategoryName":"Nuts","title":"Unsalted Pistachios","producer":"Fiddyment Farms","photoPath":"https://goodeggs4.imgix.net/b02af1d8-8364-4752-9abb-670c77543aa2.jpg?w=380&h=238&fm=jpg&auto=compress&fit=crop","price":"9.99","pricePer":"$9.99 / lb","purchaseUnit":"16 oz"},{"mainCategory":"Snacks","categoryName":"Dried Fruit & Nuts","subCategoryName":"Nuts","title":"Organic Dry-Roasted Salted Pistachios","producer":"Tierra Farm","photoPath":"https://goodeggs4.imgix.net/46c0522f-317f-482c-884b-7570d5a3b6c4.jpg?w=380&h=238&fm=jpg&auto=compress&fit=crop","price":"13.99","pricePer":"$15.98 / lb","purchaseUnit":"14 oz"},{"mainCategory":"Snacks","categoryName":"Dried Fruit & Nuts","subCategoryName":"Nuts","title":"Organic Dry-Roasted Salted Pistachios","producer":"Tierra Farm","photoPath":"https://goodeggs4.imgix.net/4ccd9c00-9eb1-44a2-aeed-74b736ae9d2c.jpg?w=380&h=238&fm=jpg&auto=compress&fit=crop","price":"8.49","pricePer":"$16.98 / lb","purchaseUnit":"8 oz"},{"mainCategory":"Snacks","categoryName":"Dried Fruit & Nuts","subCategoryName":"Nuts","title":"Organic Whole Peeled & Roasted Chestnuts","producer":"Kedem","photoPath":"https://goodeggs4.imgix.net/7a02ac7a-27ae-4a18-9b12-3fc028253a8d.jpg?w=380&h=238&fm=jpg&auto=compress&fit=crop","price":"3.19","pricePer":"$0.61 / oz","purchaseUnit":"5.2 oz"},{"mainCategory":"Snacks","categoryName":"Dried Fruit & Nuts","subCategoryName":"Nuts","title":"Organic Maple Walnuts","producer":"Old Dog Ranch","photoPath":"https://goodeggs4.imgix.net/1fbc88e1-9899-4691-81de-dd325ee9c431.jpg?w=380&h=238&fm=jpg&auto=compress&fit=crop","price":"3.99","pricePer":"$1.99 / oz","purchaseUnit":"2 oz"},{"mainCategory":"Snacks","categoryName":"Dried Fruit & Nuts","subCategoryName":"Nuts","title":"Raw Hazelnuts","producer":"Healthy Food Inc. Kitchen","photoPath":"https://goodeggs4.imgix.net/7f41e28d-de90-4b24-b723-6f2ca67750d8.jpg?w=380&h=238&fm=jpg&auto=compress&fit=crop","price":"17.99","pricePer":"$17.99 / lb","purchaseUnit":"16 oz"},{"mainCategory":"Snacks","categoryName":"Dried Fruit & Nuts","subCategoryName":"Seeds","title":"Organic Dry-Roasted Salted Pepitas","producer":"Tierra Farm","photoPath":"https://goodeggs4.imgix.net/549cbe43-e42c-40aa-8043-d38af9ffb291.jpg?w=380&h=238&fm=jpg&auto=compress&fit=crop","price":"4.79","pricePer":"$9.58 / lb","purchaseUnit":"8 oz"},{"mainCategory":"Snacks","categoryName":"Dried Fruit & Nuts","subCategoryName":"Seeds","title":"Organic Raw Pepitas","producer":"Tierra Farm","photoPath":"https://goodeggs4.imgix.net/e182afcf-3caf-4072-a524-c97cf35a854a.jpg?w=380&h=238&fm=jpg&auto=compress&fit=crop","price":"4.39","pricePer":"$8.78 / lb","purchaseUnit":"8 oz"},{"mainCategory":"Snacks","categoryName":"Dried Fruit & Nuts","subCategoryName":"Seeds","title":"Organic Black Chia Seeds","producer":"Edison Grainery","photoPath":"https://goodeggs4.imgix.net/8814c846-77ac-4411-9a98-7c146d1461d4.jpg?w=380&h=238&fm=jpg&auto=compress&fit=crop","price":"7.99","pricePer":"$7.99 / lb","purchaseUnit":"16 oz"},{"mainCategory":"Snacks","categoryName":"Dried Fruit & Nuts","subCategoryName":"Seeds","title":"Organic Chia Seeds","producer":"Navitas Organics","photoPath":"https://goodeggs4.imgix.net/cf0f660d-cf2d-4146-a24c-bfd4dc0f8964.jpg?w=380&h=238&fm=jpg&auto=compress&fit=crop","price":"8.99","pricePer":"$17.98 / lb","purchaseUnit":"8 oz"},{"mainCategory":"Snacks","categoryName":"Dried Fruit & Nuts","subCategoryName":"Seeds","title":"Organic Raw Sunflower Seeds","producer":"Tierra Farm","photoPath":"https://goodeggs4.imgix.net/54c9bd7e-eea9-4e60-a3c0-556212c5b8b3.jpg?w=380&h=238&fm=jpg&auto=compress&fit=crop","price":"2.99","pricePer":"$5.98 / lb","purchaseUnit":"8 oz"},{"mainCategory":"Snacks","categoryName":"Dried Fruit & Nuts","subCategoryName":"Seeds","title":"Organic Roasted Unsalted Sunflower Seeds","producer":"Tierra Farm","photoPath":"https://goodeggs4.imgix.net/9e7208ea-56ea-446a-9a6d-9d79dbfa9cd7.jpg?w=380&h=238&fm=jpg&auto=compress&fit=crop","price":"3.39","pricePer":"$6.78 / lb","purchaseUnit":"8 oz"},{"mainCategory":"Snacks","categoryName":"Dried Fruit & Nuts","subCategoryName":"Seeds","title":"Organic Brown Flaxseeds","producer":"Bob's Red Mill","photoPath":"https://goodeggs4.imgix.net/c4489866-7f17-4ba8-b342-f0370085f8c2.jpg?w=380&h=238&fm=jpg&auto=compress&fit=crop","price":"3.39","pricePer":"$4.17 / lb","purchaseUnit":"13 oz"},{"mainCategory":"Snacks","categoryName":"Dried Fruit & Nuts","subCategoryName":"Seeds","title":"Hulled Hemp Seed Hearts","producer":"Bob's Red Mill","photoPath":"https://goodeggs4.imgix.net/71758a20-3067-44e6-bf54-cbb509682e72.jpg?w=380&h=238&fm=jpg&auto=compress&fit=crop","price":"8.99","pricePer":"$1.12 / oz","purchaseUnit":"8 oz"},{"mainCategory":"Snacks","categoryName":"Dried Fruit & Nuts","subCategoryName":"Seeds","title":"Organic Hemp Seeds","producer":"Navitas Organics","photoPath":"https://goodeggs4.imgix.net/ad7e3ac8-1de0-4b36-987e-cf136b4513cd.jpg?w=380&h=238&fm=jpg&auto=compress&fit=crop","price":"14.99","pricePer":"$29.98 / lb","purchaseUnit":"8 oz"},{"mainCategory":"Snacks","categoryName":"Dried Fruit & Nuts","subCategoryName":"Dried Fruit","title":"Organic Sultana Raisins","producer":"Tierra Farm","photoPath":"https://goodeggs4.imgix.net/8ef069bb-d966-45c5-b362-8c57e4d7a704.jpg?w=380&h=238&fm=jpg&auto=compress&fit=crop","price":"5.49","pricePer":"$0.34 / oz","purchaseUnit":"16 oz"},{"mainCategory":"Snacks","categoryName":"Dried Fruit & Nuts","subCategoryName":"Dried Fruit","title":"Red Flame Raisins","producer":"Yolo Farmstand","photoPath":"https://goodeggs4.imgix.net/fe05b01e-4f50-44ea-b744-830b2aa8d54e.jpg?w=380&h=238&fm=jpg&auto=compress&fit=crop","price":"4.49","pricePer":"$0.64 / oz","purchaseUnit":"7 oz"},{"mainCategory":"Snacks","categoryName":"Dried Fruit & Nuts","subCategoryName":"Dried Fruit","title":"Organic Sultana Raisins","producer":"Tierra Farm","photoPath":"https://goodeggs4.imgix.net/7893c4a0-0fa7-45b5-98dd-873b93da1570.jpg?w=380&h=238&fm=jpg&auto=compress&fit=crop","price":"2.69","pricePer":"$0.67 / oz","purchaseUnit":"4 oz"},{"mainCategory":"Snacks","categoryName":"Dried Fruit & Nuts","subCategoryName":"Dried Fruit","title":"Organic Dried Mango Halves","producer":"Solely","photoPath":"https://goodeggs4.imgix.net/99e89a4d-9048-411b-a270-cd5568e2ff74.jpg?w=380&h=238&fm=jpg&auto=compress&fit=crop","price":"5.99","pricePer":"$0.74 / oz","purchaseUnit":"8 oz"},{"mainCategory":"Snacks","categoryName":"Dried Fruit & Nuts","subCategoryName":"Dried Fruit","title":"Organic Dried Pineapple Rings","producer":"Solely","photoPath":"https://goodeggs4.imgix.net/653fff3d-e26e-4723-9cb5-58b03e9abe4e.jpg?w=380&h=238&fm=jpg&auto=compress&fit=crop","price":"5.99","pricePer":"$1.08 / oz","purchaseUnit":"5.5 oz"},{"mainCategory":"Snacks","categoryName":"Dried Fruit & Nuts","subCategoryName":"Dried Fruit","title":"Organic Mango Fruit Jerky","producer":"Solely","photoPath":"https://goodeggs4.imgix.net/e9cdc914-c4ec-41ee-9644-89335d0e1e3f.jpg?w=380&h=238&fm=jpg&auto=compress&fit=crop","price":"1.69","pricePer":"$2.11 / oz","purchaseUnit":"1 count"},{"mainCategory":"Snacks","categoryName":"Dried Fruit & Nuts","subCategoryName":"Dried Fruit","title":"Organic Pineapple Fruit Jerky","producer":"Solely","photoPath":"https://goodeggs4.imgix.net/b94609ae-9cb0-4583-b7d1-08d942a038cc.jpg?w=380&h=238&fm=jpg&auto=compress&fit=crop","price":"1.69","pricePer":"$2.11 / oz","purchaseUnit":"1 count"},{"mainCategory":"Snacks","categoryName":"Dried Fruit & Nuts","subCategoryName":"Dried Fruit","title":"Organic Pineapple & Coconut Fruit Jerky","producer":"Solely","photoPath":"https://goodeggs4.imgix.net/a47033d9-1022-4424-a22a-26895d882512.jpg?w=380&h=238&fm=jpg&auto=compress&fit=crop","price":"1.69","pricePer":"$2.11 / oz","purchaseUnit":"1 count"},{"mainCategory":"Snacks","categoryName":"Dried Fruit & Nuts","subCategoryName":"Dried Fruit","title":"Organic Banana & Cacao Fruit Jerky","producer":"Solely","photoPath":"https://goodeggs4.imgix.net/3898dc15-8ad0-45a5-b99b-ddf6138fcba7.jpg?w=380&h=238&fm=jpg&auto=compress&fit=crop","price":"1.69","pricePer":"$2.11 / oz","purchaseUnit":"1 count"},{"mainCategory":"Snacks","categoryName":"Dried Fruit & Nuts","subCategoryName":"Dried Fruit","title":"Organic Dried Banana Bitecoins","producer":"Solely","photoPath":"https://goodeggs4.imgix.net/ad8b8511-742a-4444-bf08-ae81c472adfc.jpg?w=380&h=238&fm=jpg&auto=compress&fit=crop","price":"5.99","pricePer":"$0.70 / oz","purchaseUnit":"8.5 oz"},{"mainCategory":"Snacks","categoryName":"Dried Fruit & Nuts","subCategoryName":"Dried Fruit","title":"Organic Dried Apricots","producer":"Tierra Farm","photoPath":"https://goodeggs4.imgix.net/a5b47416-b656-4b63-8385-6aea478c3406.jpg?w=380&h=238&fm=jpg&auto=compress&fit=crop","price":"4.49","pricePer":"$0.56 / oz","purchaseUnit":"8 oz"},{"mainCategory":"Snacks","categoryName":"Dried Fruit & Nuts","subCategoryName":"Dried Fruit","title":"Organic Dried Apricots","producer":"Tierra Farm","photoPath":"https://goodeggs4.imgix.net/849a0153-6185-4ef2-bd20-b055c3865a81.jpg?w=380&h=238&fm=jpg&auto=compress&fit=crop","price":"2.49","pricePer":"$0.62 / oz","purchaseUnit":"4 oz"},{"mainCategory":"Snacks","categoryName":"Dried Fruit & Nuts","subCategoryName":"Dried Fruit","title":"Organic Dried Apricots","producer":"Tierra Farm","photoPath":"https://goodeggs4.imgix.net/a5b47416-b656-4b63-8385-6aea478c3406.jpg?w=380&h=238&fm=jpg&auto=compress&fit=crop","price":"7.99","pricePer":"$0.49 / oz","purchaseUnit":"16 oz"},{"mainCategory":"Snacks","categoryName":"Dried Fruit & Nuts","subCategoryName":"Dried Fruit","title":"Organic Pitted Prunes","producer":"Tierra Farm","photoPath":"https://goodeggs4.imgix.net/21743828-bcc9-4986-831b-78d3220dac13.jpg?w=380&h=238&fm=jpg&auto=compress&fit=crop","price":"6.99","pricePer":"$0.87 / oz","purchaseUnit":"8 oz"},{"mainCategory":"Snacks","categoryName":"Dried Fruit & Nuts","subCategoryName":"Dried Fruit","title":"Organic Dried Mango","producer":"Tierra Farm","photoPath":"https://goodeggs4.imgix.net/7c846c02-a86f-4103-9432-cb9338e9b122.jpg?w=380&h=238&fm=jpg&auto=compress&fit=crop","price":"7.99","pricePer":"$0.99 / oz","purchaseUnit":"8 oz"},{"mainCategory":"Snacks","categoryName":"Dried Fruit & Nuts","subCategoryName":"Dried Fruit","title":"Dried Cherries","producer":"Tierra Farm","photoPath":"https://goodeggs4.imgix.net/40a8a9b9-c60a-463a-aacb-3bfcd897a83c.jpg?w=380&h=238&fm=jpg&auto=compress&fit=crop","price":"4.99","pricePer":"$1.24 / oz","purchaseUnit":"4 oz"},{"mainCategory":"Snacks","categoryName":"Dried Fruit & Nuts","subCategoryName":"Dried Fruit","title":"Organic Dried Cranberries","producer":"Tierra Farm","photoPath":"https://goodeggs4.imgix.net/ac1d52d0-4dec-4c1a-a52c-3d35b892eb04.jpg?w=380&h=238&fm=jpg&auto=compress&fit=crop","price":"10.99","pricePer":"$0.68 / oz","purchaseUnit":"16 oz"},{"mainCategory":"Snacks","categoryName":"Dried Fruit & Nuts","subCategoryName":"Dried Fruit","title":"Organic Zante Currants","producer":"Tierra Farm","photoPath":"https://goodeggs4.imgix.net/9ed13acc-9b72-43ca-9f93-d50aa32d3796.jpg?w=380&h=238&fm=jpg&auto=compress&fit=crop","price":"2.99","pricePer":"$0.74 / oz","purchaseUnit":"4 oz"},{"mainCategory":"Snacks","categoryName":"Dried Fruit & Nuts","subCategoryName":"Dried Fruit","title":"Crystallized Ginger Medallions","producer":"Tierra Farm","photoPath":"https://goodeggs4.imgix.net/67ea345e-298b-4346-99f7-d02891e0ff4a.jpg?w=380&h=238&fm=jpg&auto=compress&fit=crop","price":"6.99","pricePer":"$0.87 / oz","purchaseUnit":"8 oz"},{"mainCategory":"Snacks","categoryName":"Dried Fruit & Nuts","subCategoryName":"Dried Fruit","title":"Organic Dried Cranberries","producer":"Tierra Farm","photoPath":"https://goodeggs4.imgix.net/42c2f832-760d-4453-bfc3-647ab76b653b.jpg?w=380&h=238&fm=jpg&auto=compress&fit=crop","price":"5.99","pricePer":"$0.74 / oz","purchaseUnit":"8 oz"},{"mainCategory":"Snacks","categoryName":"Dried Fruit & Nuts","subCategoryName":"Dried Fruit","title":"Organic California Black Mission Figs","producer":"Tierra Farm","photoPath":"https://goodeggs4.imgix.net/90bf0dc2-c377-4435-a498-07f4d228266d.jpg?w=380&h=238&fm=jpg&auto=compress&fit=crop","price":"5.49","pricePer":"$0.68 / oz","purchaseUnit":"8 oz"},{"mainCategory":"Snacks","categoryName":"Dried Fruit & Nuts","subCategoryName":"Dried Fruit","title":"Dried Cherries","producer":"Tierra Farm","photoPath":"https://goodeggs4.imgix.net/40a8a9b9-c60a-463a-aacb-3bfcd897a83c.jpg?w=380&h=238&fm=jpg&auto=compress&fit=crop","price":"8.99","pricePer":"$1.12 / oz","purchaseUnit":"8 oz"},{"mainCategory":"Snacks","categoryName":"Dried Fruit & Nuts","subCategoryName":"Dried Fruit","title":"Chopped Sun-Dried Peaches","producer":"Yolo Farmstand","photoPath":"https://goodeggs4.imgix.net/f63be5a6-fdf7-4932-b185-c7e7036e1422.jpg?w=380&h=238&fm=jpg&auto=compress&fit=crop","price":"3.49","pricePer":"$2.32 / oz","purchaseUnit":"1.5 oz"},{"mainCategory":"Snacks","categoryName":"Dried Fruit & Nuts","subCategoryName":"Dried Fruit","title":"Organic Pitted Prunes","producer":"Tierra Farm","photoPath":"https://goodeggs4.imgix.net/21743828-bcc9-4986-831b-78d3220dac13.jpg?w=380&h=238&fm=jpg&auto=compress&fit=crop","price":"3.99","pricePer":"$0.99 / oz","purchaseUnit":"4 oz"},{"mainCategory":"Snacks","categoryName":"Dried Fruit & Nuts","subCategoryName":"Dried Fruit","title":"Organic California Black Mission Figs","producer":"Tierra Farm","photoPath":"https://goodeggs4.imgix.net/e3b87c35-cc5c-48ed-a183-6fea40d2482c.jpg?w=380&h=238&fm=jpg&auto=compress&fit=crop","price":"3.39","pricePer":"$0.84 / oz","purchaseUnit":"4 oz"},{"mainCategory":"Snacks","categoryName":"Dried Fruit & Nuts","subCategoryName":"Dried Fruit","title":"Organic Goji Berries","producer":"Navitas Organics","photoPath":"https://goodeggs4.imgix.net/161e7f33-50f3-4205-a29a-ed3e8e2e4f84.jpg?w=380&h=238&fm=jpg&auto=compress&fit=crop","price":"14.99","pricePer":"$29.98 / lb","purchaseUnit":"8 oz"},{"mainCategory":"Snacks","categoryName":"Dried Fruit & Nuts","subCategoryName":"Dried Fruit","title":"Organic Sweetened Whole Dried Cranberries","producer":"Patience Fruit Co.","photoPath":"https://goodeggs4.imgix.net/d4f06d7b-881e-4df7-a417-326be3a9e4d8.jpg?w=380&h=238&fm=jpg&auto=compress&fit=crop","price":"3.99","pricePer":"$0.99 / oz","purchaseUnit":"4 oz"},{"mainCategory":"Snacks","categoryName":"Dried Fruit & Nuts","subCategoryName":"Dried Fruit","title":"Organic Mulberries","producer":"Navitas Organics","photoPath":"https://goodeggs4.imgix.net/18e2919b-94c3-430f-88ed-329c4a3678d0.jpg?w=380&h=238&fm=jpg&auto=compress&fit=crop","price":"11.99","pricePer":"$23.98 / lb","purchaseUnit":"8 oz"},{"mainCategory":"Snacks","categoryName":"Dried Fruit & Nuts","subCategoryName":"Dried Fruit","title":"Organic Sweetened Whole Berry Blend","producer":"Patience Fruit Co.","photoPath":"https://goodeggs4.imgix.net/10b8d20b-45ee-4592-b1ab-ac5a619808d4.jpg?w=380&h=238&fm=jpg&auto=compress&fit=crop","price":"4.99","pricePer":"$1.24 / oz","purchaseUnit":"4 oz"},{"mainCategory":"Snacks","categoryName":"Dried Fruit & Nuts","subCategoryName":"Dried Fruit","title":"Organic Golden Berries","producer":"Navitas Organics","photoPath":"https://goodeggs4.imgix.net/cf13ef7a-fd62-48aa-9240-dc4efcf43bfb.jpg?w=380&h=238&fm=jpg&auto=compress&fit=crop","price":"14.99","pricePer":"$29.98 / lb","purchaseUnit":"8 oz"},{"mainCategory":"Snacks","categoryName":"Dried Fruit & Nuts","subCategoryName":"Dried Fruit","title":"Organic Shredded Coconut","producer":"Let's Do...Organic","photoPath":"https://goodeggs4.imgix.net/3734c87b-4530-43f0-9c3b-b5748f5ca3d9.jpg?w=380&h=238&fm=jpg&auto=compress&fit=crop","price":"3.99","pricePer":"$0.49 / oz","purchaseUnit":"8 oz"},{"mainCategory":"Snacks","categoryName":"Dried Fruit & Nuts","subCategoryName":"Dried Fruit","title":"Organic Toasted Coconut Flakes","producer":"Let's Do...Organic","photoPath":"https://goodeggs4.imgix.net/69be68c5-d6c2-4a3f-ac4a-7fdb478591d7.jpg?w=380&h=238&fm=jpg&auto=compress&fit=crop","price":"3.99","pricePer":"$0.57 / oz","purchaseUnit":"7 oz"},{"mainCategory":"Snacks","categoryName":"Dried Fruit & Nuts","subCategoryName":"Dried Fruit","title":"Organic Coconut Flakes","producer":"Let's Do...Organic","photoPath":"https://goodeggs4.imgix.net/5f0137e5-6bc4-4cd3-afdc-50e69308a34d.jpg?w=380&h=238&fm=jpg&auto=compress&fit=crop","price":"3.99","pricePer":"$0.57 / oz","purchaseUnit":"7 oz"},{"mainCategory":"Snacks","categoryName":"Dried Fruit & Nuts","subCategoryName":"Dried Fruit","title":"Organic Dark Chocolate Covered Raisins","producer":"Tierra Farm","photoPath":"https://goodeggs4.imgix.net/aece3e15-6f01-44b6-be55-953eb1330088.jpg?w=380&h=238&fm=jpg&auto=compress&fit=crop","price":"8.99","pricePer":"$0.74 / oz","purchaseUnit":"12 oz"},{"mainCategory":"Snacks","categoryName":"Dried Fruit & Nuts","subCategoryName":"Dried Fruit","title":"Organic Dried Blueberries","producer":"Tierra Farm","photoPath":"https://goodeggs4.imgix.net/f2baafa3-c229-4462-96c9-42b7627b761f.jpg?w=380&h=238&fm=jpg&auto=compress&fit=crop","price":"6.99","pricePer":"$1.74 / oz","purchaseUnit":"4 oz"},{"mainCategory":"Snacks","categoryName":"Dried Fruit & Nuts","subCategoryName":"Dried Fruit","title":"Organic Sun Dried Tomatoes","producer":"Tierra Farm","photoPath":"https://goodeggs4.imgix.net/3a5dcad3-fb49-4e31-957e-85dc966e7d37.jpg?w=380&h=238&fm=jpg&auto=compress&fit=crop","price":"5.99","pricePer":"$0.99 / oz","purchaseUnit":"6 oz"},{"mainCategory":"Snacks","categoryName":"Dried Fruit & Nuts","subCategoryName":"Dried Fruit","title":"Organic Acai Powder","producer":"Navitas Organics","photoPath":"https://goodeggs4.imgix.net/ee025b72-3674-4fe7-802f-97d9204be5af.jpg?w=380&h=238&fm=jpg&auto=compress&fit=crop","price":"19.99","pricePer":"$79.96 / lb","purchaseUnit":"4 oz"},{"mainCategory":"Snacks","categoryName":"Dried Fruit & Nuts","subCategoryName":"Fruit & Nut Mixes","title":"Organic Tierra Trail Mix","producer":"Tierra Farm","photoPath":"https://goodeggs4.imgix.net/26afadb1-0880-4723-b014-29714c049dde.jpg?w=380&h=238&fm=jpg&auto=compress&fit=crop","price":"9.49","pricePer":"$9.49 / lb","purchaseUnit":"16 oz"},{"mainCategory":"Snacks","categoryName":"Dried Fruit & Nuts","subCategoryName":"Fruit & Nut Mixes","title":"Organic Cranberry Cashew Chocolate Mix","producer":"Tierra Farm","photoPath":"https://goodeggs4.imgix.net/194b6f72-c576-49ed-b1e7-bccd5b783c70.jpg?w=380&h=238&fm=jpg&auto=compress&fit=crop","price":"11.99","pricePer":"$11.99 / lb","purchaseUnit":"16 oz"},{"mainCategory":"Snacks","categoryName":"Dried Fruit & Nuts","subCategoryName":"Fruit & Nut Mixes","title":"Almond, Walnut, Raisin & Peach \"Four\" Trail Mix","producer":"Yolo Farmstand","photoPath":"https://goodeggs4.imgix.net/b20eea3f-e2ec-4b15-8cd4-f2cf9e07b063.jpg?w=380&h=238&fm=jpg&auto=compress&fit=crop","price":"7.99","pricePer":"$18.26 / lb","purchaseUnit":"7 oz"},{"mainCategory":"Snacks","categoryName":"Dried Fruit & Nuts","subCategoryName":"Fruit & Nut Mixes","title":"Almond, Walnut & Raisin \"Three\" Trail Mix","producer":"Yolo Farmstand","photoPath":"https://goodeggs4.imgix.net/b876d9ee-4bf1-434b-9cd2-2b8be08d4894.jpg?w=380&h=238&fm=jpg&auto=compress&fit=crop","price":"7.99","pricePer":"$18.26 / lb","purchaseUnit":"7 oz"},{"mainCategory":"Snacks","categoryName":"Dried Fruit & Nuts","subCategoryName":"Fruit & Nut Mixes","title":"Organic Hiker's Harvest Snack Mix","producer":"Woodstock","photoPath":"https://goodeggs4.imgix.net/41946a45-7242-40e7-bd02-10fc89c23b11.jpg?w=380&h=238&fm=jpg&auto=compress&fit=crop","price":"7.99","pricePer":"$1.33 / oz","purchaseUnit":"6 oz"},{"mainCategory":"Snacks","categoryName":"Dried Fruit & Nuts","subCategoryName":"Fruit & Nut Mixes","title":"Nuts, Fruit & Trail Mix Sampler Pack","producer":"Yolo Farmstand","photoPath":"https://goodeggs4.imgix.net/73498aa3-b2cc-461c-bc3f-42bd14a1c83a.jpg?w=380&h=238&fm=jpg&auto=compress&fit=crop","price":"14.99","pricePer":"$21.60 / lb","purchaseUnit":"5 count"},{"mainCategory":"Snacks","categoryName":"Dried Fruit & Nuts","subCategoryName":"Fruit & Nut Mixes","title":"Almond, Walnut & Raisin \"Three\" Trail Mix","producer":"Yolo Farmstand","photoPath":"https://goodeggs4.imgix.net/0ef6de73-0b6b-46ab-944f-e674b3398e78.jpg?w=380&h=238&fm=jpg&auto=compress&fit=crop","price":"14.99","pricePer":"$14.99 / lb","purchaseUnit":"16 oz"},{"mainCategory":"Snacks","categoryName":"Dried Fruit & Nuts","subCategoryName":"Fruit & Nut Mixes","title":"Organic Paleo Go Snack Mix","producer":"Woodstock","photoPath":"https://goodeggs4.imgix.net/b19ca10d-a074-4fbe-aa98-f8b10d765b23.jpg?w=380&h=238&fm=jpg&auto=compress&fit=crop","price":"7.99","pricePer":"$1.33 / oz","purchaseUnit":"6 oz"},{"mainCategory":"Snacks","categoryName":"Dried Fruit & Nuts","subCategoryName":"Flavored Nuts","title":"Organic Dark Chocolate Covered Almonds","producer":"Tierra Farm","photoPath":"https://goodeggs4.imgix.net/cdd8d785-c8a4-4ebd-8e1c-6c3bb1f5ebb9.jpg?w=380&h=238&fm=jpg&auto=compress&fit=crop","price":"12.99","pricePer":"$1.08 / oz","purchaseUnit":"12 oz"},{"mainCategory":"Snacks","categoryName":"Dried Fruit & Nuts","subCategoryName":"Flavored Nuts","title":"Organic Dry Roasted Sea Salt & Onion Cashews","producer":"Tierra Farm","photoPath":"https://goodeggs4.imgix.net/51179de0-4f66-4b0d-8228-8256b325d99e.jpg?w=380&h=238&fm=jpg&auto=compress&fit=crop","price":"5.49","pricePer":"$21.96 / lb","purchaseUnit":"4 oz"},{"mainCategory":"Snacks","categoryName":"Dried Fruit & Nuts","subCategoryName":"Flavored Nuts","title":"Organic Fair Trade Dry Roasted Curry Cashews","producer":"Tierra Farm","photoPath":"https://goodeggs4.imgix.net/016ddc7d-bb23-4f14-8306-cb263f829577.jpg?w=380&h=238&fm=jpg&auto=compress&fit=crop","price":"5.49","pricePer":"$21.96 / lb","purchaseUnit":"4 oz"},{"mainCategory":"Snacks","categoryName":"Dried Fruit & Nuts","subCategoryName":"Flavored Nuts","title":"Organic Dark Chocolate Sea Salt Cashews","producer":"Maisie Jane's","photoPath":"https://goodeggs4.imgix.net/fe7bf90d-0b8f-4a26-a029-2ed35a1f916a.jpg?w=380&h=238&fm=jpg&auto=compress&fit=crop","price":"7.99","pricePer":"$36.52 / lb","purchaseUnit":"3.5 oz"},{"mainCategory":"Snacks","categoryName":"Dried Fruit & Nuts","subCategoryName":"Flavored Nuts","title":"Organic Maple Glazed Pecan Halves","producer":"Tierra Farm","photoPath":"https://goodeggs4.imgix.net/78a34077-1f1e-4e34-a80a-5795cf67a75b.jpg?w=380&h=238&fm=jpg&auto=compress&fit=crop","price":"6.49","pricePer":"$25.96 / lb","purchaseUnit":"4 oz"},{"mainCategory":"Snacks","categoryName":"Dried Fruit & Nuts","subCategoryName":"Flavored Nuts","title":"Organic Dry-Roasted Tamari Almonds","producer":"Tierra Farm","photoPath":"https://goodeggs4.imgix.net/7e202f45-5c61-4742-b035-808d8c477dc2.jpg?w=380&h=238&fm=jpg&auto=compress&fit=crop","price":"7.99","pricePer":"$15.98 / lb","purchaseUnit":"8 oz"},{"mainCategory":"Snacks","categoryName":"Dried Fruit & Nuts","subCategoryName":"Flavored Nuts","title":"Organic Dark Chocolate Almonds","producer":"Clif Family Winery","photoPath":"https://goodeggs4.imgix.net/9eebbb9c-6942-467e-a3d5-f6af122a8ce3.jpg?w=380&h=238&fm=jpg&auto=compress&fit=crop","price":"9.99","pricePer":"$1.99 / oz","purchaseUnit":"5 oz"},{"mainCategory":"Snacks","categoryName":"Dried Fruit & Nuts","subCategoryName":"Flavored Nuts","title":"Organic Dark Chocolate Almonds","producer":"Maisie Jane's","photoPath":"https://goodeggs4.imgix.net/1107e89e-5d9f-4759-badc-513837b6e05d.jpg?w=380&h=238&fm=jpg&auto=compress&fit=crop","price":"7.99","pricePer":"$36.52 / lb","purchaseUnit":"3.5 oz"},{"mainCategory":"Snacks","categoryName":"Dried Fruit & Nuts","subCategoryName":"Flavored Nuts","title":"Organic Smoked Spanish Pimenton Almonds","producer":"Clif Family Winery","photoPath":"https://goodeggs4.imgix.net/2f616ee7-81e2-48fe-9291-4b12ebe4290c.jpg?w=380&h=238&fm=jpg&auto=compress&fit=crop","price":"7.99","pricePer":"$1.99 / oz","purchaseUnit":"4 oz"},{"mainCategory":"Snacks","categoryName":"Dried Fruit & Nuts","subCategoryName":"Flavored Nuts","title":"Tamari Almonds","producer":"Maisie Jane's","photoPath":"https://goodeggs4.imgix.net/1c85c4ca-4f11-437f-bbc9-6fbf2c7e99c0.jpg?w=380&h=238&fm=jpg&auto=compress&fit=crop","price":"10.49","pricePer":"$20.98 / lb","purchaseUnit":"8 oz"},{"mainCategory":"Snacks","categoryName":"Dried Fruit & Nuts","subCategoryName":"Flavored Nuts","title":"Country Herb & Garlic Almonds","producer":"Maisie Jane's","photoPath":"https://goodeggs4.imgix.net/4c77c716-3bdc-4623-a607-2200991f8539.jpg?w=380&h=238&fm=jpg&auto=compress&fit=crop","price":"10.49","pricePer":"$20.98 / lb","purchaseUnit":"8 oz"},{"mainCategory":"Snacks","categoryName":"Dried Fruit & Nuts","subCategoryName":"Flavored Nuts","title":"Organic Dark Chocolate Sea Salt Caramels","producer":"Clif Family Winery","photoPath":"https://goodeggs4.imgix.net/b306aa4b-4cc8-4c26-a554-385389f21356.jpg?w=380&h=238&fm=jpg&auto=compress&fit=crop","price":"9.99","pricePer":"$1.99 / oz","purchaseUnit":"5 oz"},{"mainCategory":"Snacks","categoryName":"Dried Fruit & Nuts","subCategoryName":"Flavored Nuts","title":"Chili Lime Pistachios","producer":"Fiddyment Farms","photoPath":"https://goodeggs4.imgix.net/b00412b3-2aa9-4d24-97ea-7dcc219f5039.jpg?w=380&h=238&fm=jpg&auto=compress&fit=crop","price":"10.99","pricePer":"$10.99 / lb","purchaseUnit":"16 oz"},{"mainCategory":"Snacks","categoryName":"Dried Fruit & Nuts","subCategoryName":"Flavored Nuts","title":"Sea Salt & Pepper Pistachios","producer":"Fiddyment Farms","photoPath":"https://goodeggs4.imgix.net/eadfb2c6-fd11-4445-bba5-ee64f35beeee.jpg?w=380&h=238&fm=jpg&auto=compress&fit=crop","price":"10.99","pricePer":"$10.99 / lb","purchaseUnit":"16 oz"},{"mainCategory":"Snacks","categoryName":"Dried Fruit & Nuts","subCategoryName":"Flavored Nuts","title":"Organic Maple Walnuts","producer":"Old Dog Ranch","photoPath":"https://goodeggs4.imgix.net/6bdb68f3-4752-488e-b1a2-d61c60747ec2.jpg?w=380&h=238&fm=jpg&auto=compress&fit=crop","price":"9.99","pricePer":"$1.66 / oz","purchaseUnit":"6 oz"},{"mainCategory":"Snacks","categoryName":"Dried Fruit & Nuts","subCategoryName":"Flavored Nuts","title":"Organic Maple Walnuts","producer":"Old Dog Ranch","photoPath":"https://goodeggs4.imgix.net/1fbc88e1-9899-4691-81de-dd325ee9c431.jpg?w=380&h=238&fm=jpg&auto=compress&fit=crop","price":"3.99","pricePer":"$1.99 / oz","purchaseUnit":"2 oz"},{"mainCategory":"Snacks","categoryName":"Dried Fruit & Nuts","subCategoryName":"Flavored Nuts","title":"Mexican Hot Chocolate Walnuts","producer":"Old Dog Ranch","photoPath":"https://goodeggs4.imgix.net/f0608336-e80a-41bc-82b0-ee50dce2d9e5.jpg?w=380&h=238&fm=jpg&auto=compress&fit=crop","price":"9.99","pricePer":"$1.66 / oz","purchaseUnit":"6 oz"},{"mainCategory":"Snacks","categoryName":"Dried Fruit & Nuts","subCategoryName":"Flavored Nuts","title":"Organic Candied Walnuts","producer":"Old Dog Ranch","photoPath":"https://goodeggs4.imgix.net/c326d93d-4cc2-44b9-8017-6005ffd7eb0f.jpg?w=380&h=238&fm=jpg&auto=compress&fit=crop","price":"9.99","pricePer":"$1.66 / oz","purchaseUnit":"6 oz"},{"mainCategory":"Snacks","categoryName":"Dried Fruit & Nuts","subCategoryName":"Flavored Nuts","title":"Meyer Lemon & Chili Spiced Walnuts","producer":"Old Dog Ranch","photoPath":"https://goodeggs4.imgix.net/3b54284e-2f4d-4445-af24-3565897dfd00.jpg?w=380&h=238&fm=jpg&auto=compress&fit=crop","price":"9.99","pricePer":"$1.66 / oz","purchaseUnit":"6 oz"},{"mainCategory":"Snacks","categoryName":"Dried Fruit & Nuts","subCategoryName":"Flavored Nuts","title":"Chocolate Walnuts","producer":"Old Dog Ranch","photoPath":"https://goodeggs4.imgix.net/72a528f7-17db-4a03-b790-1fd310139722.jpg?w=380&h=238&fm=jpg&auto=compress&fit=crop","price":"9.99","pricePer":"$1.66 / oz","purchaseUnit":"6 oz"},{"mainCategory":"Snacks","categoryName":"Dried Fruit & Nuts","subCategoryName":"Flavored Nuts","title":"Organic Tamari Glazed Mixed Nuts & Sesame Seeds","producer":"Clif Family Winery","photoPath":"https://goodeggs4.imgix.net/ea0b2e9e-01a6-4abe-a3cf-bf36c56477c2.jpg?w=380&h=238&fm=jpg&auto=compress&fit=crop","price":"7.99","pricePer":"$1.99 / oz","purchaseUnit":"4 oz"},{"mainCategory":"Snacks","categoryName":"Dried Fruit & Nuts","subCategoryName":"Flavored Nuts","title":"Organic Smoked Paprika and Garlic Walnuts","producer":"Old Dog Ranch","photoPath":"https://goodeggs4.imgix.net/13740f69-22c7-4b7a-a412-df59c70854df.jpg?w=380&h=238&fm=jpg&auto=compress&fit=crop","price":"9.99","pricePer":"$1.66 / oz","purchaseUnit":"6 oz"},{"mainCategory":"Snacks","categoryName":"Dried Fruit & Nuts","subCategoryName":"Flavored Nuts","title":"Whiskey Spiced Walnuts","producer":"Old Dog Ranch","photoPath":"https://goodeggs4.imgix.net/58e01745-414f-4b0b-9957-aeef32fba0bf.jpg?w=380&h=238&fm=jpg&auto=compress&fit=crop","price":"9.99","pricePer":"$1.66 / oz","purchaseUnit":"6 oz"},{"mainCategory":"Snacks","categoryName":"Dried Fruit & Nuts","subCategoryName":"Flavored Nuts","title":"Organic Barbecued Walnuts & Almonds","producer":"Clif Family Winery","photoPath":"https://goodeggs4.imgix.net/678e7488-c994-4ddf-899f-2e5e100db1c9.jpg?w=380&h=238&fm=jpg&auto=compress&fit=crop","price":"7.99","pricePer":"$1.99 / oz","purchaseUnit":"4 oz"},{"mainCategory":"Snacks","categoryName":"Dried Fruit & Nuts","subCategoryName":"Flavored Nuts","title":"Gluten-Free Orange Spiced Nuts","producer":"Nana Joes Granola","photoPath":"https://goodeggs4.imgix.net/8f635bd7-b4c1-4906-bdab-5075c3624c57.jpg?w=380&h=238&fm=jpg&auto=compress&fit=crop","price":"6.99","pricePer":"$1.74 / oz","purchaseUnit":"4 oz"},{"mainCategory":"Snacks","categoryName":"Savory Snacks","subCategoryName":"Pretzels","title":"Gruyere Pimenton Pretzel","producer":"Firebrand Artisan Breads","photoPath":"https://goodeggs4.imgix.net/2e3e0bb7-3116-49fc-9198-2af73f7404bc.jpg?w=380&h=238&fm=jpg&auto=compress&fit=crop","price":"3.99","pricePer":"$1.14 / oz","purchaseUnit":"1 count"},{"mainCategory":"Snacks","categoryName":"Savory Snacks","subCategoryName":"Pretzels","title":"Herbed Goat Cheese Pretzel Knot","producer":"Firebrand Artisan Breads","photoPath":"https://goodeggs4.imgix.net/f769f1de-8455-4f86-b115-f4b246e5b24d.jpg?w=380&h=238&fm=jpg&auto=compress&fit=crop","price":"3.99","pricePer":null,"purchaseUnit":"1 count"},{"mainCategory":"Snacks","categoryName":"Savory Snacks","subCategoryName":"Pretzels","title":"Peanut Butter Pretzel Nuggets","producer":"Quinn Snacks","photoPath":"https://goodeggs4.imgix.net/52ad96e1-5ca0-466f-85fb-97dd3a3effe2.jpg?w=380&h=238&fm=jpg&auto=compress&fit=crop","price":"5.99","pricePer":"$0.85 / oz","purchaseUnit":"7 oz"},{"mainCategory":"Snacks","categoryName":"Savory Snacks","subCategoryName":"Pretzels","title":"Classic Sea Salt Pretzels (Gluten-Free)","producer":"Quinn Snacks","photoPath":"https://goodeggs4.imgix.net/068e9ebd-3f1c-482f-8e49-0673a1969e52.jpg?w=380&h=238&fm=jpg&auto=compress&fit=crop","price":"4.49","pricePer":"$0.64 / oz","purchaseUnit":"7 oz"},{"mainCategory":"Snacks","categoryName":"Savory Snacks","subCategoryName":"Pretzels","title":"Original Splits Pretzels","producer":"Unique Pretzels","photoPath":"https://goodeggs4.imgix.net/f52d10a0-49b4-4cae-b15a-05d2154236b8.jpg?w=380&h=238&fm=jpg&auto=compress&fit=crop","price":"3.99","pricePer":"$0.36 / oz","purchaseUnit":"11 oz"},{"mainCategory":"Snacks","categoryName":"Savory Snacks","subCategoryName":"Pretzels","title":"Peanut Butter Filled Salted Pretzels","producer":"Good Health Snacks","photoPath":"https://goodeggs4.imgix.net/8a8b3735-95ab-4372-9bdf-413fbfb9fbae.jpg?w=380&h=238&fm=jpg&auto=compress&fit=crop","price":"2.99","pricePer":"$0.59 / oz","purchaseUnit":"5 oz"},{"mainCategory":"Snacks","categoryName":"Savory Snacks","subCategoryName":"Pretzels","title":"Touch of Honey Pretzels (Gluten-Free)","producer":"Quinn Snacks","photoPath":"https://goodeggs4.imgix.net/ad74ca26-5388-44d9-be65-05ccdbf7864e.jpg?w=380&h=238&fm=jpg&auto=compress&fit=crop","price":"4.49","pricePer":"$0.64 / oz","purchaseUnit":"7 oz"},{"mainCategory":"Snacks","categoryName":"Savory Snacks","subCategoryName":"Pretzels","title":"Original Pretzel Shells","producer":"Unique Pretzels","photoPath":"https://goodeggs4.imgix.net/e29b4a1b-22ce-4875-b521-9c0ef17be93c.jpg?w=380&h=238&fm=jpg&auto=compress&fit=crop","price":"3.99","pricePer":"$0.40 / oz","purchaseUnit":"10 oz"},{"mainCategory":"Snacks","categoryName":"Savory Snacks","subCategoryName":"Pretzels","title":"Deli Style Rye Pretzels","producer":"Quinn Snacks","photoPath":"https://goodeggs4.imgix.net/c1fc7369-db74-4f4a-b52e-4a36659ad3f1.jpg?w=380&h=238&fm=jpg&auto=compress&fit=crop","price":"4.99","pricePer":"$0.71 / oz","purchaseUnit":"7 oz"},{"mainCategory":"Snacks","categoryName":"Savory Snacks","subCategoryName":"Pretzels","title":"Extra Dark Splits Pretzels","producer":"Unique Pretzels","photoPath":"https://goodeggs4.imgix.net/8326b473-a253-4939-ba4b-d37d8d81abd0.jpg?w=380&h=238&fm=jpg&auto=compress&fit=crop","price":"3.99","pricePer":"$0.36 / oz","purchaseUnit":"11 oz"},{"mainCategory":"Snacks","categoryName":"Savory Snacks","subCategoryName":"Pretzels","title":"Chocolate Peanut Butter Pretzel Nuggets","producer":"Quinn Snacks","photoPath":"https://goodeggs4.imgix.net/a9821d7d-2f29-4bd6-9308-5ca672dd44ec.jpg?w=380&h=238&fm=jpg&auto=compress&fit=crop","price":"5.99","pricePer":"$0.92 / oz","purchaseUnit":"6.5 oz"},{"mainCategory":"Snacks","categoryName":"Savory Snacks","subCategoryName":"Pretzels","title":"Gluten-Free Sea Salt Pretzels","producer":"Good Health Snacks","photoPath":"https://goodeggs4.imgix.net/ccc128af-aea8-41fd-bd3d-e1c1a6a68c19.jpg?w=380&h=238&fm=jpg&auto=compress&fit=crop","price":"4.99","pricePer":"$0.62 / oz","purchaseUnit":"8 oz"},{"mainCategory":"Snacks","categoryName":"Savory Snacks","subCategoryName":"Pretzels","title":"Extra Salt Splits Pretzels","producer":"Unique Pretzels","photoPath":"https://goodeggs4.imgix.net/33b48bb6-b2e1-4a4a-88f2-e5139d347f7f.jpg?w=380&h=238&fm=jpg&auto=compress&fit=crop","price":"3.99","pricePer":"$0.36 / oz","purchaseUnit":"11 oz"},{"mainCategory":"Snacks","categoryName":"Savory Snacks","subCategoryName":"Pretzels","title":"Pretzel","producer":"Firebrand Artisan Breads","photoPath":"https://goodeggs4.imgix.net/fdb21c25-191c-4d60-848c-b845906ca661.jpg?w=380&h=238&fm=jpg&auto=compress&fit=crop","price":"2.99","pricePer":"$0.74 / oz","purchaseUnit":"1 count"},{"mainCategory":"Snacks","categoryName":"Savory Snacks","subCategoryName":"Rice Snacks","title":"Organic Lightly Salted Brown Rice Cakes","producer":"Lundberg Family Farm","photoPath":"https://goodeggs4.imgix.net/e460ad7b-f509-46e4-87af-9619499e4cfa.jpg?w=380&h=238&fm=jpg&auto=compress&fit=crop","price":"3.79","pricePer":"$0.45 / oz","purchaseUnit":"8.5 oz"},{"mainCategory":"Snacks","categoryName":"Savory Snacks","subCategoryName":"Rice Snacks","title":"Coconut Sticky Rice Chips","producer":"Dang","photoPath":"https://goodeggs4.imgix.net/36646940-6d57-4ed7-9018-9c27a5d1eef4.jpg?w=380&h=238&fm=jpg&auto=compress&fit=crop","price":"3.99","pricePer":"$1.14 / oz","purchaseUnit":"3.5 oz"},{"mainCategory":"Snacks","categoryName":"Savory Snacks","subCategoryName":"Rice Snacks","title":"Organic Tamari with Seaweed Rice Cakes","producer":"Lundberg Family Farm","photoPath":"https://goodeggs4.imgix.net/74e89d68-3bd8-429c-b3d2-0bbf68aa458e.jpg?w=380&h=238&fm=jpg&auto=compress&fit=crop","price":"3.79","pricePer":"$0.45 / oz","purchaseUnit":"8.5 oz"},{"mainCategory":"Snacks","categoryName":"Savory Snacks","subCategoryName":"Rice Snacks","title":"Sriracha Sticky Rice Chips","producer":"Dang","photoPath":"https://goodeggs4.imgix.net/12516d13-3488-4d2c-961e-0ba5161fd901.jpg?w=380&h=238&fm=jpg&auto=compress&fit=crop","price":"3.99","pricePer":"$1.14 / oz","purchaseUnit":"3.5 oz"},{"mainCategory":"Snacks","categoryName":"Savory Snacks","subCategoryName":"Rice Snacks","title":"Original Sticky Rice Chips","producer":"Dang","photoPath":"https://goodeggs4.imgix.net/7a6d6d0e-d187-4a87-8f02-0eef338e0759.jpg?w=380&h=238&fm=jpg&auto=compress&fit=crop","price":"3.99","pricePer":"$1.14 / oz","purchaseUnit":"3.5 oz"},{"mainCategory":"Snacks","categoryName":"Savory Snacks","subCategoryName":"Rice Snacks","title":"Sweet & Savory Thai Arare Rice Crackers","producer":"Lotus Foods","photoPath":"https://goodeggs4.imgix.net/37d46b8a-9cd3-40cc-acd8-3fe9baff1f27.jpg?w=380&h=238&fm=jpg&auto=compress&fit=crop","price":"3.99","pricePer":"$0.79 / oz","purchaseUnit":"5 oz"},{"mainCategory":"Snacks","categoryName":"Savory Snacks","subCategoryName":"Rice Snacks","title":"Tamari Soy Sauce Mochi Rice Bites","producer":"Sun Tropics","photoPath":"https://goodeggs4.imgix.net/e31161cc-ade7-4151-bbd7-62a52a3e19db.jpg?w=380&h=238&fm=jpg&auto=compress&fit=crop","price":"2.99","pricePer":"$0.85 / oz","purchaseUnit":"3.5 oz"},{"mainCategory":"Snacks","categoryName":"Savory Snacks","subCategoryName":"Rice Snacks","title":"Tokyo Curry Mochi Rice Bites","producer":"Sun Tropics","photoPath":"https://goodeggs4.imgix.net/2b90d956-68e4-4172-9c86-5e0782b6a606.jpg?w=380&h=238&fm=jpg&auto=compress&fit=crop","price":"2.99","pricePer":"$0.85 / oz","purchaseUnit":"3.5 oz"},{"mainCategory":"Snacks","categoryName":"Savory Snacks","subCategoryName":"Popcorn & Puffed Snacks","title":"Sea Salt Popcorn","producer":"Boomchickapop","photoPath":"https://goodeggs4.imgix.net/8066577d-85a6-459d-b41d-2b08aa0cdac6.jpg?w=380&h=238&fm=jpg&auto=compress&fit=crop","price":"5.49","pricePer":"$0.91 / oz","purchaseUnit":"6 count"},{"mainCategory":"Snacks","categoryName":"Savory Snacks","subCategoryName":"Popcorn & Puffed Snacks","title":"White Cheddar Popcorn","producer":"Boomchickapop","photoPath":"https://goodeggs4.imgix.net/43585079-8a12-4eea-9654-5f99d2dd6f07.jpg?w=380&h=238&fm=jpg&auto=compress&fit=crop","price":"3.69","pricePer":"$0.82 / oz","purchaseUnit":"4.5 oz"},{"mainCategory":"Snacks","categoryName":"Savory Snacks","subCategoryName":"Popcorn & Puffed Snacks","title":"Sea Salt Popcorn","producer":"Boomchickapop","photoPath":"https://goodeggs4.imgix.net/2d4e2e69-fa5c-4e9d-a865-177d45c488f2.jpg?w=380&h=238&fm=jpg&auto=compress&fit=crop","price":"3.69","pricePer":"$0.76 / oz","purchaseUnit":"4.8 oz"},{"mainCategory":"Snacks","categoryName":"Savory Snacks","subCategoryName":"Popcorn & Puffed Snacks","title":"Sweet & Salty Kettle Corn","producer":"Boomchickapop","photoPath":"https://goodeggs4.imgix.net/f7fc8c71-38e9-4e69-86d8-2f4f6309d189.jpg?w=380&h=238&fm=jpg&auto=compress&fit=crop","price":"3.69","pricePer":"$0.52 / oz","purchaseUnit":"7 oz"},{"mainCategory":"Snacks","categoryName":"Savory Snacks","subCategoryName":"Popcorn & Puffed Snacks","title":"Dark Chocolate Drizzled Sea Salt Kettle Corn","producer":"Boomchickapop","photoPath":"https://goodeggs4.imgix.net/57833f0e-f989-4bdf-babe-a1cba4232dc1.jpg?w=380&h=238&fm=jpg&auto=compress&fit=crop","price":"3.49","pricePer":"$0.77 / oz","purchaseUnit":"4.5 oz"},{"mainCategory":"Snacks","categoryName":"Savory Snacks","subCategoryName":"Popcorn & Puffed Snacks","title":"Light Kettle Corn","producer":"Boomchickapop","photoPath":"https://goodeggs4.imgix.net/ae963be0-b9a0-4690-a165-76783337e318.jpg?w=380&h=238&fm=jpg&auto=compress&fit=crop","price":"3.69","pricePer":"$0.73 / oz","purchaseUnit":"5 oz"},{"mainCategory":"Snacks","categoryName":"Savory Snacks","subCategoryName":"Popcorn & Puffed Snacks","title":"Mini Truffle Popcorn (Gluten-Free)","producer":"Pipcorn","photoPath":"https://goodeggs4.imgix.net/f7d3a716-b3f0-4159-828a-0f2286b94687.jpg?w=380&h=238&fm=jpg&auto=compress&fit=crop","price":"4.49","pricePer":"$1.12 / oz","purchaseUnit":"4 oz"},{"mainCategory":"Snacks","categoryName":"Savory Snacks","subCategoryName":"Popcorn & Puffed Snacks","title":"Real Butter Popcorn","producer":"Boomchickapop","photoPath":"https://goodeggs4.imgix.net/cefe5045-e2a6-4cf5-ad36-37d8071a03ad.jpg?w=380&h=238&fm=jpg&auto=compress&fit=crop","price":"3.69","pricePer":"$0.83 / oz","purchaseUnit":"4.4 oz"},{"mainCategory":"Snacks","categoryName":"Savory Snacks","subCategoryName":"Popcorn & Puffed Snacks","title":"Mini Sea Salt Popcorn (Gluten-Free)","producer":"Pipcorn","photoPath":"https://goodeggs4.imgix.net/608c8e44-bc2d-455f-b5e4-4430e7aaf705.jpg?w=380&h=238&fm=jpg&auto=compress&fit=crop","price":"4.49","pricePer":"$1.12 / oz","purchaseUnit":"4 oz"},{"mainCategory":"Snacks","categoryName":"Savory Snacks","subCategoryName":"Popcorn & Puffed Snacks","title":"White Cheddar Cheese Balls","producer":"Pipcorn","photoPath":"https://goodeggs4.imgix.net/0fbf9860-7d37-11eb-9783-f3d67f42bb6b?w=380&h=238&fm=jpg&auto=compress&fit=crop","price":"3.99","pricePer":"$0.88 / oz","purchaseUnit":"4.5 oz"},{"mainCategory":"Snacks","categoryName":"Savory Snacks","subCategoryName":"Popcorn & Puffed Snacks","title":"Cheddar Cheese Balls","producer":"Pipcorn","photoPath":"https://goodeggs4.imgix.net/113b7c90-7bcf-11eb-b501-af2be9b58b0f?w=380&h=238&fm=jpg&auto=compress&fit=crop","price":"3.99","pricePer":"$0.88 / oz","purchaseUnit":"4.5 oz"},{"mainCategory":"Snacks","categoryName":"Savory Snacks","subCategoryName":"Popcorn & Puffed Snacks","title":"Cheddar Crunchies","producer":"Pipcorn","photoPath":"https://goodeggs4.imgix.net/90a07440-7d37-11eb-8665-71949032d855?w=380&h=238&fm=jpg&auto=compress&fit=crop","price":"3.99","pricePer":"$0.57 / oz","purchaseUnit":"7 oz"},{"mainCategory":"Snacks","categoryName":"Savory Snacks","subCategoryName":"Popcorn & Puffed Snacks","title":"Cheddar Jalapeno Crunchies","producer":"Pipcorn","photoPath":"https://goodeggs4.imgix.net/b43dff40-7d36-11eb-b501-af2be9b58b0f?w=380&h=238&fm=jpg&auto=compress&fit=crop","price":"3.99","pricePer":"$0.57 / oz","purchaseUnit":"7 oz"},{"mainCategory":"Snacks","categoryName":"Savory Snacks","subCategoryName":"Popcorn & Puffed Snacks","title":"Organic Cheese Puffs - Mac & Cheese","producer":"Good Health Snacks","photoPath":"https://goodeggs4.imgix.net/baf01a0c-208b-4823-8d9f-b17d4ff785c9.jpg?w=380&h=238&fm=jpg&auto=compress&fit=crop","price":"4.29","pricePer":"$0.81 / oz","purchaseUnit":"5.25 oz"},{"mainCategory":"Snacks","categoryName":"Savory Snacks","subCategoryName":"Popcorn & Puffed Snacks","title":"Organic Hot and Spicy Cheddar Cheese Fries","producer":"Good Health Snacks","photoPath":"https://goodeggs4.imgix.net/2384c5cf-60ff-4c18-88d4-1336efe55513.jpg?w=380&h=238&fm=jpg&auto=compress&fit=crop","price":"4.29","pricePer":"$0.78 / oz","purchaseUnit":"5.5 oz"},{"mainCategory":"Snacks","categoryName":"Savory Snacks","subCategoryName":"Popcorn & Puffed Snacks","title":"Himaylayan Pink Salt Popped Lily Seeds","producer":"Eat Makhana","photoPath":"https://goodeggs4.imgix.net/c0163511-cbe1-44de-b2d5-3793637e38bc.jpg?w=380&h=238&fm=jpg&auto=compress&fit=crop","price":"4.49","pricePer":null,"purchaseUnit":"1 count"},{"mainCategory":"Snacks","categoryName":"Savory Snacks","subCategoryName":"Popcorn & Puffed Snacks","title":"Vegan Cheddar Popped Lily Seeds","producer":"Eat Makhana","photoPath":"https://goodeggs4.imgix.net/f89f2593-0327-481e-a4e2-c3b09c874037.jpg?w=380&h=238&fm=jpg&auto=compress&fit=crop","price":"4.49","pricePer":null,"purchaseUnit":"1 count"},{"mainCategory":"Snacks","categoryName":"Savory Snacks","subCategoryName":"Popcorn & Puffed Snacks","title":"Tangy Chili Lime Popped Lily Seeds","producer":"Eat Makhana","photoPath":"https://goodeggs4.imgix.net/dbe72b19-4476-4550-a301-ec5989e24a64.jpg?w=380&h=238&fm=jpg&auto=compress&fit=crop","price":"4.49","pricePer":null,"purchaseUnit":"1 count"},{"mainCategory":"Snacks","categoryName":"Savory Snacks","subCategoryName":"Popcorn & Puffed Snacks","title":"Cajun Seasoning Popped Lily Seeds","producer":"Eat Makhana","photoPath":"https://goodeggs4.imgix.net/6584790b-b2a4-4073-b4ba-dba2312b81a2.jpg?w=380&h=238&fm=jpg&auto=compress&fit=crop","price":"4.49","pricePer":null,"purchaseUnit":"1 count"},{"mainCategory":"Snacks","categoryName":"Savory Snacks","subCategoryName":"Popcorn & Puffed Snacks","title":"Organic Yellow Popcorn","producer":"Edison Grainery","photoPath":"https://goodeggs4.imgix.net/6899c01f-04b8-4474-822b-566f34357488.jpg?w=380&h=238&fm=jpg&auto=compress&fit=crop","price":"3.69","pricePer":"$0.23 / oz","purchaseUnit":"16 oz"},{"mainCategory":"Snacks","categoryName":"Savory Snacks","subCategoryName":"Popcorn & Puffed Snacks","title":"Just Sea Salt Microwave Popcorn","producer":"Quinn Snacks","photoPath":"https://goodeggs4.imgix.net/dca43901-e81b-4b80-9773-1c288ac3fcf6.jpg?w=380&h=238&fm=jpg&auto=compress&fit=crop","price":"5.99","pricePer":"$0.85 / oz","purchaseUnit":"3 count"},{"mainCategory":"Snacks","categoryName":"Savory Snacks","subCategoryName":"Popcorn & Puffed Snacks","title":"Parmesan & Rosemary Microwave Popcorn","producer":"Quinn Snacks","photoPath":"https://goodeggs4.imgix.net/8eda6edb-499d-4109-b623-08052b0c7d17.jpg?w=380&h=238&fm=jpg&auto=compress&fit=crop","price":"5.99","pricePer":"$0.85 / oz","purchaseUnit":"2 count"},{"mainCategory":"Snacks","categoryName":"Savory Snacks","subCategoryName":"Popcorn & Puffed Snacks","title":"Vermont Maple & Sea Salt Microwave Popcorn","producer":"Quinn Snacks","photoPath":"https://goodeggs4.imgix.net/85190334-58a4-4d94-aaa0-f32b0cdc60db.jpg?w=380&h=238&fm=jpg&auto=compress&fit=crop","price":"5.99","pricePer":"$0.85 / oz","purchaseUnit":"2 count"},{"mainCategory":"Snacks","categoryName":"Savory Snacks","subCategoryName":"Plant-Based Snacks","title":"Organic Sea Salt Roasted Seaweed Snacks","producer":"GimMe Organic","photoPath":"https://goodeggs4.imgix.net/0dc5e262-c154-4938-aa09-4549bcd69858.jpg?w=380&h=238&fm=jpg&auto=compress&fit=crop","price":"5.49","pricePer":"$5.22 / oz","purchaseUnit":"6 count"},{"mainCategory":"Snacks","categoryName":"Savory Snacks","subCategoryName":"Plant-Based Snacks","title":"Organic Olive Oil Roasted Seaweed Snacks","producer":"GimMe Organic","photoPath":"https://goodeggs4.imgix.net/ca77b7f4-02ad-485a-a1f5-f221ef3e0e1d.jpg?w=380&h=238&fm=jpg&auto=compress&fit=crop","price":"5.49","pricePer":"$5.22 / oz","purchaseUnit":"6 count"},{"mainCategory":"Snacks","categoryName":"Savory Snacks","subCategoryName":"Plant-Based Snacks","title":"Organic Sea Salt Crunchy Chickpeas","producer":"Saffron Road","photoPath":"https://goodeggs4.imgix.net/99bd6a85-bdfc-4975-b8a2-e0948b25797e.jpg?w=380&h=238&fm=jpg&auto=compress&fit=crop","price":"4.49","pricePer":"$0.74 / oz","purchaseUnit":"6 oz"},{"mainCategory":"Snacks","categoryName":"Savory Snacks","subCategoryName":"Plant-Based Snacks","title":"Organic Teriyaki Roasted Seaweed Snacks","producer":"GimMe Organic","photoPath":"https://goodeggs4.imgix.net/89ebb5d0-91e9-4dc0-9df5-80df9c8eb9a2.jpg?w=380&h=238&fm=jpg&auto=compress&fit=crop","price":"5.49","pricePer":"$5.22 / oz","purchaseUnit":"6 count"},{"mainCategory":"Snacks","categoryName":"Savory Snacks","subCategoryName":"Plant-Based Snacks","title":"Bombay Spice Crunchy Chickpeas","producer":"Saffron Road","photoPath":"https://goodeggs4.imgix.net/a89bce46-5864-4484-bf72-0ad10966ad6b.jpg?w=380&h=238&fm=jpg&auto=compress&fit=crop","price":"4.49","pricePer":"$0.74 / oz","purchaseUnit":"6 oz"},{"mainCategory":"Snacks","categoryName":"Savory Snacks","subCategoryName":"Plant-Based Snacks","title":"Dutch Cocoa Sunflower Seed Crunchy Bites","producer":"Somersaults","photoPath":"https://goodeggs4.imgix.net/b459081a-c416-4c4d-89ee-f90b2d70b8ce.jpg?w=380&h=238&fm=jpg&auto=compress&fit=crop","price":"3.99","pricePer":"$0.66 / oz","purchaseUnit":"6 oz"},{"mainCategory":"Snacks","categoryName":"Savory Snacks","subCategoryName":"Plant-Based Snacks","title":"Salt & Pepper Sunflower Seed Crunchy Bites","producer":"Somersaults","photoPath":"https://goodeggs4.imgix.net/74fb7293-939f-4f93-810c-8f9939ac97cc.jpg?w=380&h=238&fm=jpg&auto=compress&fit=crop","price":"3.99","pricePer":"$0.66 / oz","purchaseUnit":"6 oz"},{"mainCategory":"Snacks","categoryName":"Savory Snacks","subCategoryName":"Plant-Based Snacks","title":"Sea Salt Sunflower Seed Crunchy Bites","producer":"Somersaults","photoPath":"https://goodeggs4.imgix.net/4d79a98d-c487-4057-8251-259cfc32e144.jpg?w=380&h=238&fm=jpg&auto=compress&fit=crop","price":"3.99","pricePer":"$0.66 / oz","purchaseUnit":"6 oz"},{"mainCategory":"Snacks","categoryName":"Savory Snacks","subCategoryName":"Plant-Based Snacks","title":"Korean BBQ Crunchy Chickpeas","producer":"Saffron Road","photoPath":"https://goodeggs4.imgix.net/a329d0c6-7c79-42ba-9af9-0f2021c730e4.jpg?w=380&h=238&fm=jpg&auto=compress&fit=crop","price":"4.49","pricePer":"$0.74 / oz","purchaseUnit":"6 oz"},{"mainCategory":"Snacks","categoryName":"Savory Snacks","subCategoryName":"Plant-Based Snacks","title":"Himaylayan Pink Salt Popped Lily Seeds","producer":"Eat Makhana","photoPath":"https://goodeggs4.imgix.net/c0163511-cbe1-44de-b2d5-3793637e38bc.jpg?w=380&h=238&fm=jpg&auto=compress&fit=crop","price":"4.49","pricePer":null,"purchaseUnit":"1 count"},{"mainCategory":"Snacks","categoryName":"Savory Snacks","subCategoryName":"Plant-Based Snacks","title":"Vegan Cheddar Popped Lily Seeds","producer":"Eat Makhana","photoPath":"https://goodeggs4.imgix.net/f89f2593-0327-481e-a4e2-c3b09c874037.jpg?w=380&h=238&fm=jpg&auto=compress&fit=crop","price":"4.49","pricePer":null,"purchaseUnit":"1 count"},{"mainCategory":"Snacks","categoryName":"Savory Snacks","subCategoryName":"Plant-Based Snacks","title":"Tangy Chili Lime Popped Lily Seeds","producer":"Eat Makhana","photoPath":"https://goodeggs4.imgix.net/dbe72b19-4476-4550-a301-ec5989e24a64.jpg?w=380&h=238&fm=jpg&auto=compress&fit=crop","price":"4.49","pricePer":null,"purchaseUnit":"1 count"},{"mainCategory":"Snacks","categoryName":"Savory Snacks","subCategoryName":"Plant-Based Snacks","title":"Cajun Seasoning Popped Lily Seeds","producer":"Eat Makhana","photoPath":"https://goodeggs4.imgix.net/6584790b-b2a4-4073-b4ba-dba2312b81a2.jpg?w=380&h=238&fm=jpg&auto=compress&fit=crop","price":"4.49","pricePer":null,"purchaseUnit":"1 count"},{"mainCategory":"Snacks","categoryName":"Savory Snacks","subCategoryName":"Plant-Based Snacks","title":"Sea Salt Sprouted Protein Snack","producer":"Crunchsters","photoPath":"https://goodeggs4.imgix.net/2364fee4-b128-47c6-b453-d986d32e4fa0.jpg?w=380&h=238&fm=jpg&auto=compress&fit=crop","price":"4.49","pricePer":"$1.12 / oz","purchaseUnit":"4 oz"},{"mainCategory":"Snacks","categoryName":"Savory Snacks","subCategoryName":"Plant-Based Snacks","title":"Beyond Bacon Sprouted Protein Snack","producer":"Crunchsters","photoPath":"https://goodeggs4.imgix.net/641d75a0-5b62-4b5f-8736-ff339387d606.jpg?w=380&h=238&fm=jpg&auto=compress&fit=crop","price":"4.49","pricePer":"$1.12 / oz","purchaseUnit":"4 oz"},{"mainCategory":"Snacks","categoryName":"Savory Snacks","subCategoryName":"Plant-Based Snacks","title":"Smoky Balsamic Sprouted Protein Snack","producer":"Crunchsters","photoPath":"https://goodeggs4.imgix.net/5fa50ebe-6491-43ef-b630-876eff77f020.jpg?w=380&h=238&fm=jpg&auto=compress&fit=crop","price":"4.49","pricePer":"$1.12 / oz","purchaseUnit":"4 oz"},{"mainCategory":"Snacks","categoryName":"Savory Snacks","subCategoryName":"Plant-Based Snacks","title":"Shiitake Mushroom Jerky","producer":"Far West Mushrooms","photoPath":"https://goodeggs4.imgix.net/12a68cb0-fe45-4659-9816-a6994cdca192.jpg?w=380&h=238&fm=jpg&auto=compress&fit=crop","price":"8.79","pricePer":"$4.39 / oz","purchaseUnit":"2 oz"},{"mainCategory":"Snacks","categoryName":"Savory Snacks","subCategoryName":"Plant-Based Snacks","title":"Spicy Tree Oyster Mushroom Jerky","producer":"Far West Mushrooms","photoPath":"https://goodeggs4.imgix.net/bf8adeb2-efdc-4a68-85c4-041fbe4bce0f.jpg?w=380&h=238&fm=jpg&auto=compress&fit=crop","price":"8.79","pricePer":"$4.39 / oz","purchaseUnit":"2 oz"},{"mainCategory":"Snacks","categoryName":"Savory Snacks","subCategoryName":"Animal-Based Snacks","title":"Felino & Manchego","producer":"Creminelli Fine Meats","photoPath":"https://goodeggs4.imgix.net/66c15cc2-89f7-4072-8521-7da2c9b99427.jpg?w=380&h=238&fm=jpg&auto=compress&fit=crop","price":"5.99","pricePer":null,"purchaseUnit":"2 oz"},{"mainCategory":"Snacks","categoryName":"Savory Snacks","subCategoryName":"Animal-Based Snacks","title":"Prosciutto & Mozzarella","producer":"Creminelli Fine Meats","photoPath":"https://goodeggs4.imgix.net/a454cfa0-8051-11eb-a49c-035b9bcc7078?w=380&h=238&fm=jpg&auto=compress&fit=crop","price":"3.99","pricePer":"$1.99 / oz","purchaseUnit":"2 oz"},{"mainCategory":"Snacks","categoryName":"Savory Snacks","subCategoryName":"Animal-Based Snacks","title":"Prosciutto, Mozzarella & Grissini","producer":"Creminelli Fine Meats","photoPath":"https://goodeggs4.imgix.net/e0cfa073-8c35-4bd5-9683-a8a0c7a81dfa.jpg?w=380&h=238&fm=jpg&auto=compress&fit=crop","price":"5.99","pricePer":"$2.99 / oz","purchaseUnit":"2 oz"},{"mainCategory":"Snacks","categoryName":"Savory Snacks","subCategoryName":"Animal-Based Snacks","title":"Original Pork Snack Stick","producer":"Big Fork Brands","photoPath":"https://goodeggs4.imgix.net/9660a7bd-1ed7-4b39-a902-174f26d0d6bd.jpg?w=380&h=238&fm=jpg&auto=compress&fit=crop","price":"2.99","pricePer":"$2.99 / oz","purchaseUnit":"1 oz"},{"mainCategory":"Snacks","categoryName":"Savory Snacks","subCategoryName":"Animal-Based Snacks","title":"Thai Green Curry Pork Snack Stick","producer":"Big Fork Brands","photoPath":"https://goodeggs4.imgix.net/2c918d00-2242-47c5-9e5d-8ec605d2bf20.jpg?w=380&h=238&fm=jpg&auto=compress&fit=crop","price":"2.99","pricePer":"$2.99 / oz","purchaseUnit":"1 oz"},{"mainCategory":"Snacks","categoryName":"Savory Snacks","subCategoryName":"Animal-Based Snacks","title":"Maple & Pepper Pork Snack Stick","producer":"Big Fork Brands","photoPath":"https://goodeggs4.imgix.net/6ccaeaed-b66e-4cbf-9db3-f695861ed097.jpg?w=380&h=238&fm=jpg&auto=compress&fit=crop","price":"2.99","pricePer":"$2.99 / oz","purchaseUnit":"1 oz"},{"mainCategory":"Snacks","categoryName":"Savory Snacks","subCategoryName":"Animal-Based Snacks","title":"Turkey Snack Sticks","producer":"Nick's Sticks","photoPath":"https://goodeggs4.imgix.net/08bf5507-78ef-4d3e-b9b0-2e931275ba2e.jpg?w=380&h=238&fm=jpg&auto=compress&fit=crop","price":"2.99","pricePer":"$1.75 / oz","purchaseUnit":"1.7 oz"},{"mainCategory":"Snacks","categoryName":"Savory Snacks","subCategoryName":"Animal-Based Snacks","title":"Chicken Snack Sticks","producer":"Nick's Sticks","photoPath":"https://goodeggs4.imgix.net/bfe3d56e-90c3-4e0a-b270-0ff13e1177a6.jpg?w=380&h=238&fm=jpg&auto=compress&fit=crop","price":"2.99","pricePer":"$1.75 / oz","purchaseUnit":"1.7 oz"},{"mainCategory":"Snacks","categoryName":"Savory Snacks","subCategoryName":"Animal-Based Snacks","title":"Spicy Chicken Snack Sticks","producer":"Nick's Sticks","photoPath":"https://goodeggs4.imgix.net/bfca0683-a549-465b-a56b-5b9405059407.jpg?w=380&h=238&fm=jpg&auto=compress&fit=crop","price":"2.99","pricePer":"$1.75 / oz","purchaseUnit":"1.7 oz"},{"mainCategory":"Snacks","categoryName":"Savory Snacks","subCategoryName":"Animal-Based Snacks","title":"Spicy Turkey Snack Sticks","producer":"Nick's Sticks","photoPath":"https://goodeggs4.imgix.net/c4d11bc5-33e1-40ed-bc3d-d02bd28b1f40.jpg?w=380&h=238&fm=jpg&auto=compress&fit=crop","price":"2.99","pricePer":"$1.75 / oz","purchaseUnit":"1.7 oz"},{"mainCategory":"Snacks","categoryName":"Savory Snacks","subCategoryName":"Animal-Based Snacks","title":"Original Salami Minis","producer":"Creminelli Fine Meats","photoPath":"https://goodeggs4.imgix.net/656687ca-9d82-4ebd-bf24-9606f04c60e7.jpg?w=380&h=238&fm=jpg&auto=compress&fit=crop","price":"5.99","pricePer":"$2.30 / oz","purchaseUnit":"2.6 oz"},{"mainCategory":"Snacks","categoryName":"Savory Snacks","subCategoryName":"Animal-Based Snacks","title":"Black Pepper Salami Minis","producer":"Creminelli Fine Meats","photoPath":"https://goodeggs4.imgix.net/96112a27-0279-40b0-810a-cf7791484737.jpg?w=380&h=238&fm=jpg&auto=compress&fit=crop","price":"5.99","pricePer":"$2.30 / oz","purchaseUnit":"2.6 oz"},{"mainCategory":"Snacks","categoryName":"Savory Snacks","subCategoryName":"Animal-Based Snacks","title":"Whiskey Salami Minis","producer":"Creminelli Fine Meats","photoPath":"https://goodeggs4.imgix.net/10112bc8-80b3-4509-9523-4331bb645d8e.jpg?w=380&h=238&fm=jpg&auto=compress&fit=crop","price":"5.99","pricePer":"$2.30 / oz","purchaseUnit":"2.6 oz"},{"mainCategory":"Snacks","categoryName":"Savory Snacks","subCategoryName":"Animal-Based Snacks","title":"Chipotle Salami Minis","producer":"Creminelli Fine Meats","photoPath":"https://goodeggs4.imgix.net/ac33db55-5872-4819-b933-d85366f0d32d.jpg?w=380&h=238&fm=jpg&auto=compress&fit=crop","price":"5.99","pricePer":"$2.30 / oz","purchaseUnit":"2.6 oz"},{"mainCategory":"Snacks","categoryName":"Savory Snacks","subCategoryName":"Animal-Based Snacks","title":"Classic Chili & Salt Chicharrones","producer":"4505 Meats","photoPath":"https://goodeggs4.imgix.net/c0864b36-b5ed-4238-b5cc-28cc149911fd.jpg?w=380&h=238&fm=jpg&auto=compress&fit=crop","price":"5.99","pricePer":"$2.39 / oz","purchaseUnit":"2.5 oz"},{"mainCategory":"Snacks","categoryName":"Savory Snacks","subCategoryName":"Animal-Based Snacks","title":"Dark Chocolate Covered Crickets","producer":"Don Bugito","photoPath":"https://goodeggs4.imgix.net/d14fdc79-604b-4749-94c4-c5aedf781b86.jpg?w=380&h=238&fm=jpg&auto=compress&fit=crop","price":"5.99","pricePer":"$7.48 / oz","purchaseUnit":"0.8 oz"},{"mainCategory":"Snacks","categoryName":"Savory Snacks","subCategoryName":"Animal-Based Snacks","title":"Jalapeño Cheddar Chicharrones","producer":"4505 Meats","photoPath":"https://goodeggs4.imgix.net/6ec36835-6d56-4c1c-b51b-da35c148b34f.jpg?w=380&h=238&fm=jpg&auto=compress&fit=crop","price":"5.99","pricePer":"$2.39 / oz","purchaseUnit":"2.5 oz"},{"mainCategory":"Snacks","categoryName":"Savory Snacks","subCategoryName":"Animal-Based Snacks","title":"Coconut Brittle Bugitos","producer":"Don Bugito","photoPath":"https://goodeggs4.imgix.net/78f342bb-0a8f-4f55-9340-78c8e7906e64.jpg?w=380&h=238&fm=jpg&auto=compress&fit=crop","price":"5.99","pricePer":"$3.99 / oz","purchaseUnit":"1.5 oz"},{"mainCategory":"Snacks","categoryName":"Savory Snacks","subCategoryName":"Animal-Based Snacks","title":"Chile-Lime Crickets & Pumpkin Seeds","producer":"Don Bugito","photoPath":"https://goodeggs4.imgix.net/56ea8c44-eccc-4d73-b3ef-34406079ed52.jpg?w=380&h=238&fm=jpg&auto=compress&fit=crop","price":"5.99","pricePer":"$5.99 / oz","purchaseUnit":"1 oz"},{"mainCategory":"Snacks","categoryName":"Savory Snacks","subCategoryName":"Jerky","title":"Original Pork Snack Stick","producer":"Big Fork Brands","photoPath":"https://goodeggs4.imgix.net/9660a7bd-1ed7-4b39-a902-174f26d0d6bd.jpg?w=380&h=238&fm=jpg&auto=compress&fit=crop","price":"2.99","pricePer":"$2.99 / oz","purchaseUnit":"1 oz"},{"mainCategory":"Snacks","categoryName":"Savory Snacks","subCategoryName":"Jerky","title":"Thai Green Curry Pork Snack Stick","producer":"Big Fork Brands","photoPath":"https://goodeggs4.imgix.net/2c918d00-2242-47c5-9e5d-8ec605d2bf20.jpg?w=380&h=238&fm=jpg&auto=compress&fit=crop","price":"2.99","pricePer":"$2.99 / oz","purchaseUnit":"1 oz"},{"mainCategory":"Snacks","categoryName":"Savory Snacks","subCategoryName":"Jerky","title":"Maple & Pepper Pork Snack Stick","producer":"Big Fork Brands","photoPath":"https://goodeggs4.imgix.net/6ccaeaed-b66e-4cbf-9db3-f695861ed097.jpg?w=380&h=238&fm=jpg&auto=compress&fit=crop","price":"2.99","pricePer":"$2.99 / oz","purchaseUnit":"1 oz"},{"mainCategory":"Snacks","categoryName":"Savory Snacks","subCategoryName":"Jerky","title":"Premium Original Jerky Strips","producer":"Chudabeef","photoPath":"https://goodeggs4.imgix.net/e153b2d5-3e22-41fa-93e4-704a109f8a96.jpg?w=380&h=238&fm=jpg&auto=compress&fit=crop","price":"6.99","pricePer":"$3.10 / oz","purchaseUnit":"2.25 oz"},{"mainCategory":"Snacks","categoryName":"Savory Snacks","subCategoryName":"Jerky","title":"Classic Beef Jerky","producer":"Two Chicks Jerky","photoPath":"https://goodeggs4.imgix.net/29fb3744-3ace-4381-aada-4c2e229b6e36.jpg?w=380&h=238&fm=jpg&auto=compress&fit=crop","price":"8.99","pricePer":"$4.49 / oz","purchaseUnit":"2 oz"},{"mainCategory":"Snacks","categoryName":"Savory Snacks","subCategoryName":"Jerky","title":"Premium Hawaiian-Style Jerky Strips","producer":"Chudabeef","photoPath":"https://goodeggs4.imgix.net/21335d4a-c468-4cc1-88e9-a6e71d50dba4.jpg?w=380&h=238&fm=jpg&auto=compress&fit=crop","price":"6.99","pricePer":"$3.10 / oz","purchaseUnit":"2.25 oz"},{"mainCategory":"Snacks","categoryName":"Savory Snacks","subCategoryName":"Jerky","title":"Habanero Beef Jerky","producer":"Two Chicks Jerky","photoPath":"https://goodeggs4.imgix.net/4a74abfe-3714-413f-a23d-dc45d2957440.jpg?w=380&h=238&fm=jpg&auto=compress&fit=crop","price":"8.99","pricePer":"$4.49 / oz","purchaseUnit":"2 oz"},{"mainCategory":"Snacks","categoryName":"Savory Snacks","subCategoryName":"Jerky","title":"Premium OG Spicy Jerky Strips","producer":"Chudabeef","photoPath":"https://goodeggs4.imgix.net/73d94227-6c33-45fa-82e4-84bfe5cc49e1.jpg?w=380&h=238&fm=jpg&auto=compress&fit=crop","price":"6.99","pricePer":"$3.10 / oz","purchaseUnit":"2.25 oz"},{"mainCategory":"Snacks","categoryName":"Savory Snacks","subCategoryName":"Jerky","title":"Premium Garliyaki Jerky Strips","producer":"Chudabeef","photoPath":"https://goodeggs4.imgix.net/144bbd38-3308-4bcb-9dc7-f86a7e4ce064.jpg?w=380&h=238&fm=jpg&auto=compress&fit=crop","price":"6.99","pricePer":"$3.10 / oz","purchaseUnit":"2.25 oz"},{"mainCategory":"Snacks","categoryName":"Savory Snacks","subCategoryName":"Jerky","title":"Shiitake Mushroom Jerky","producer":"Far West Mushrooms","photoPath":"https://goodeggs4.imgix.net/12a68cb0-fe45-4659-9816-a6994cdca192.jpg?w=380&h=238&fm=jpg&auto=compress&fit=crop","price":"8.79","pricePer":"$4.39 / oz","purchaseUnit":"2 oz"},{"mainCategory":"Snacks","categoryName":"Savory Snacks","subCategoryName":"Jerky","title":"Spicy Tree Oyster Mushroom Jerky","producer":"Far West Mushrooms","photoPath":"https://goodeggs4.imgix.net/bf8adeb2-efdc-4a68-85c4-041fbe4bce0f.jpg?w=380&h=238&fm=jpg&auto=compress&fit=crop","price":"8.79","pricePer":"$4.39 / oz","purchaseUnit":"2 oz"},{"mainCategory":"Snacks","categoryName":"Savory Snacks","subCategoryName":"Jerky","title":"Spicy 3-Pepper Pork Jerky","producer":"Big Fork Brands","photoPath":"https://goodeggs4.imgix.net/d10582db-92a5-4c29-966d-a8dd3d038f48.jpg?w=380&h=238&fm=jpg&auto=compress&fit=crop","price":"5.99","pricePer":"$2.66 / oz","purchaseUnit":"2.25 oz"},{"mainCategory":"Snacks","categoryName":"Pickles & Olives","subCategoryName":"Olives & Capers","title":"Organic Pitted Castelvetrano Olives","producer":"Asaro Organic Farm","photoPath":"https://goodeggs4.imgix.net/b0c8589f-113f-45dd-9ac7-7666617a0fef.jpg?w=380&h=238&fm=jpg&auto=compress&fit=crop","price":"6.99","pricePer":"$1.55 / oz","purchaseUnit":"4.5 oz"},{"mainCategory":"Snacks","categoryName":"Pickles & Olives","subCategoryName":"Olives & Capers","title":"Organic Pitted Kalamata Olives","producer":"Jeff's Naturals","photoPath":"https://goodeggs4.imgix.net/55bc8c28-d392-4ebf-ac83-6acf21420e01.jpg?w=380&h=238&fm=jpg&auto=compress&fit=crop","price":"6.49","pricePer":"$0.92 / oz","purchaseUnit":"7 oz"},{"mainCategory":"Snacks","categoryName":"Pickles & Olives","subCategoryName":"Olives & Capers","title":"Non-Pareil Capers","producer":"Jeff's Naturals","photoPath":"https://goodeggs4.imgix.net/974dfbbd-a57e-4751-8569-9049dfabbca8.jpg?w=380&h=238&fm=jpg&auto=compress&fit=crop","price":"4.29","pricePer":"$0.71 / oz","purchaseUnit":"6 oz"},{"mainCategory":"Snacks","categoryName":"Pickles & Olives","subCategoryName":"Olives & Capers","title":"Sun-dried Tomatoes in Oil","producer":"Jeff's Naturals","photoPath":"https://goodeggs4.imgix.net/4660a50e-803d-4980-b3eb-11074f46ef82.jpg?w=380&h=238&fm=jpg&auto=compress&fit=crop","price":"4.99","pricePer":"$0.62 / oz","purchaseUnit":"8 fl oz"},{"mainCategory":"Snacks","categoryName":"Pickles & Olives","subCategoryName":"Olives & Capers","title":"Sliced Mild Jalapeños","producer":"Jeff's Naturals","photoPath":"https://goodeggs4.imgix.net/a18965f9-3ce7-4e05-aeb1-1db49b5ec519.jpg?w=380&h=238&fm=jpg&auto=compress&fit=crop","price":"2.99","pricePer":"$0.25 / fl oz","purchaseUnit":"12 fl oz"},{"mainCategory":"Snacks","categoryName":"Pickles & Olives","subCategoryName":"Olives & Capers","title":"Sliced Greek Peperoncini","producer":"Jeff's Naturals","photoPath":"https://goodeggs4.imgix.net/53b3c241-5e50-46fb-96b1-d3930bfbe0c0.jpg?w=380&h=238&fm=jpg&auto=compress&fit=crop","price":"2.99","pricePer":"$0.25 / fl oz","purchaseUnit":"12 fl oz"},{"mainCategory":"Snacks","categoryName":"Pickles & Olives","subCategoryName":"Olives & Capers","title":"Roasted Red Pepper Strips","producer":"Jeff's Naturals","photoPath":"https://goodeggs4.imgix.net/d8f1eff5-3a80-4e96-a8df-a5c89dddab1a.jpg?w=380&h=238&fm=jpg&auto=compress&fit=crop","price":"3.99","pricePer":"$0.33 / fl oz","purchaseUnit":"12 fl oz"},{"mainCategory":"Snacks","categoryName":"Pickles & Olives","subCategoryName":"Olives & Capers","title":"Sliced Hot Cherry Peppers","producer":"Jeff's Naturals","photoPath":"https://goodeggs4.imgix.net/f18a9890-79cd-43b1-b2e6-59a20f4cd7cd.jpg?w=380&h=238&fm=jpg&auto=compress&fit=crop","price":"2.99","pricePer":"$0.25 / fl oz","purchaseUnit":"12 fl oz"},{"mainCategory":"Snacks","categoryName":"Pickles & Olives","subCategoryName":"Olives & Capers","title":"Greek Peperoncini","producer":"Jeff's Naturals","photoPath":"https://goodeggs4.imgix.net/303b1243-d9bd-451b-acaa-a3bc51342305.jpg?w=380&h=238&fm=jpg&auto=compress&fit=crop","price":"2.99","pricePer":"$0.25 / fl oz","purchaseUnit":"12 fl oz"},{"mainCategory":"Snacks","categoryName":"Pickles & Olives","subCategoryName":"Olives & Capers","title":"Castelvetrano Olives","producer":"Jeff's Naturals","photoPath":"https://goodeggs4.imgix.net/c8abf68e-17f3-4838-9999-3cd9cb9ec73e.jpg?w=380&h=238&fm=jpg&auto=compress&fit=crop","price":"6.49","pricePer":"$0.86 / oz","purchaseUnit":"7.5 oz"},{"mainCategory":"Snacks","categoryName":"Pickles & Olives","subCategoryName":"Olives & Capers","title":"Raw Kalamata Olives","producer":"Good Faith Organic Farm","photoPath":"https://goodeggs4.imgix.net/5814cdeb-001a-4a17-abe7-7985ea055d2e.jpg?w=380&h=238&fm=jpg&auto=compress&fit=crop","price":"10.99","pricePer":"$1.09 / oz","purchaseUnit":"10 oz"},{"mainCategory":"Snacks","categoryName":"Pickles & Olives","subCategoryName":"Olives & Capers","title":"Cold-Cured Manzanilla Olives with Garlic & Oregano","producer":"Good Faith Organic Farm","photoPath":"https://goodeggs4.imgix.net/cbf4c7dc-d8c0-41db-87cb-5b104a18d568.jpg?w=380&h=238&fm=jpg&auto=compress&fit=crop","price":"12.99","pricePer":null,"purchaseUnit":"10 oz"},{"mainCategory":"Snacks","categoryName":"Pickles & Olives","subCategoryName":"Olives & Capers","title":"Cold-Cured Manzanilla Olives with Lime & Jalapeno","producer":"Good Faith Organic Farm","photoPath":"https://goodeggs4.imgix.net/f7dc1208-8b37-4a08-86bf-936e6415da05.jpg?w=380&h=238&fm=jpg&auto=compress&fit=crop","price":"12.99","pricePer":null,"purchaseUnit":"10 oz"},{"mainCategory":"Snacks","categoryName":"Pickles & Olives","subCategoryName":"Olives & Capers","title":"Cold-Cured Manzanilla Olives with Moroccan Spice","producer":"Good Faith Organic Farm","photoPath":"https://goodeggs4.imgix.net/946a4dbd-cba3-4671-b374-a831cb2e7556.jpg?w=380&h=238&fm=jpg&auto=compress&fit=crop","price":"12.99","pricePer":null,"purchaseUnit":"10 oz"},{"mainCategory":"Snacks","categoryName":"Pickles & Olives","subCategoryName":"Olives & Capers","title":"Cold-Cured Manzanilla Olives with Vinegar & Thyme","producer":"Good Faith Organic Farm","photoPath":"https://goodeggs4.imgix.net/441f9cfa-e6ca-445e-a849-6b253f5a72d8.jpg?w=380&h=238&fm=jpg&auto=compress&fit=crop","price":"12.99","pricePer":null,"purchaseUnit":"10 oz"},{"mainCategory":"Snacks","categoryName":"Pickles & Olives","subCategoryName":"Pickles","title":"Manhattan Style Whole Kosher Pickles","producer":"Sonoma Brinery","photoPath":"https://goodeggs4.imgix.net/52028a0e-0f7c-4027-8b7f-3860346b81dc.jpg?w=380&h=238&fm=jpg&auto=compress&fit=crop","price":"6.99","pricePer":"$0.22 / fl oz","purchaseUnit":"32 fl oz"},{"mainCategory":"Snacks","categoryName":"Pickles & Olives","subCategoryName":"Pickles","title":"Bread & Butter Pickles","producer":"Sonoma Brinery","photoPath":"https://goodeggs4.imgix.net/b0c78e9e-64f2-4bf5-9538-6231333f9e3f.jpg?w=380&h=238&fm=jpg&auto=compress&fit=crop","price":"3.99","pricePer":"$0.25 / fl oz","purchaseUnit":"16 fl oz"},{"mainCategory":"Snacks","categoryName":"Pickles & Olives","subCategoryName":"Pickles","title":"Bread 'N' Buttah","producer":"Ugly Pickle Co.","photoPath":"https://goodeggs4.imgix.net/2b915d41-e625-48ca-9f4e-ff91bcd56562.jpg?w=380&h=238&fm=jpg&auto=compress&fit=crop","price":"8.29","pricePer":null,"purchaseUnit":"16 fl oz"},{"mainCategory":"Snacks","categoryName":"Pickles & Olives","subCategoryName":"Pickles","title":"Salt-Preserved Meyer Lemon","producer":"INNA","photoPath":"https://goodeggs4.imgix.net/799a85eb-5d59-455f-90b9-b83cadc6a23d.jpg?w=380&h=238&fm=jpg&auto=compress&fit=crop","price":"12.99","pricePer":"$1.44 / oz","purchaseUnit":"9 oz"},{"mainCategory":"Snacks","categoryName":"Pickles & Olives","subCategoryName":"Pickles","title":"Umeboshi Pickled Plums","producer":"Yumé Boshi","photoPath":"https://goodeggs4.imgix.net/5d0dec73-0e8d-4055-b37f-43d2a1bb947e.jpg?w=380&h=238&fm=jpg&auto=compress&fit=crop","price":"19.79","pricePer":"$2.19 / oz","purchaseUnit":"9 oz"},{"mainCategory":"Snacks","categoryName":"Pickles & Olives","subCategoryName":"Pickles","title":"Spicy Pickled Green Beans","producer":"Rick's Picks","photoPath":"https://goodeggs4.imgix.net/d454042a-f336-4332-8bc8-1dfdc87bf609.jpg?w=380&h=238&fm=jpg&auto=compress&fit=crop","price":"8.99","pricePer":"$0.56 / oz","purchaseUnit":"16 oz"},{"mainCategory":"Snacks","categoryName":"Pickles & Olives","subCategoryName":"Pickles","title":"Burger Party Dill","producer":"Ugly Pickle Co.","photoPath":"https://goodeggs4.imgix.net/48ada2b8-3157-456d-a40f-3939b0348c61.jpg?w=380&h=238&fm=jpg&auto=compress&fit=crop","price":"8.29","pricePer":null,"purchaseUnit":"16 fl oz"},{"mainCategory":"Snacks","categoryName":"Pickles & Olives","subCategoryName":"Pickles","title":"Dilly Carrots","producer":"Ugly Pickle Co.","photoPath":"https://goodeggs4.imgix.net/cb0e4421-1f7c-42e5-b6cf-da9875084726.jpg?w=380&h=238&fm=jpg&auto=compress&fit=crop","price":"8.29","pricePer":null,"purchaseUnit":"16 fl oz"},{"mainCategory":"Snacks","categoryName":"Pickles & Olives","subCategoryName":"Pickles","title":"Giardiniera","producer":"Jeff's Naturals","photoPath":"https://goodeggs4.imgix.net/575a1334-00cc-49c0-94aa-f1d0dbfa343f.jpeg?w=380&h=238&fm=jpg&auto=compress&fit=crop","price":"3.99","pricePer":"$0.33 / oz","purchaseUnit":"12 oz"},{"mainCategory":"Snacks","categoryName":"Pickles & Olives","subCategoryName":"Pickles","title":"Akka's Eggplant Relish - Indian Pickle","producer":"Akka's Handcrafted Foods","photoPath":"https://goodeggs4.imgix.net/8e8db928-ffab-411c-81fe-a9ad5cc49e80.jpg?w=380&h=238&fm=jpg&auto=compress&fit=crop","price":"8.99","pricePer":"$1.38 / oz","purchaseUnit":"6.5 oz"},{"mainCategory":"Snacks","categoryName":"Pickles & Olives","subCategoryName":"Kraut & Kimchi","title":"Spicy Red Napa Cabbage Kimchi","producer":"Sinto Gourmet","photoPath":"https://goodeggs4.imgix.net/c37be067-f84d-4764-9da0-f98b113c244e.jpg?w=380&h=238&fm=jpg&auto=compress&fit=crop","price":"6.49","pricePer":"$0.46 / oz","purchaseUnit":"14 oz"},{"mainCategory":"Snacks","categoryName":"Pickles & Olives","subCategoryName":"Kraut & Kimchi","title":"Mild White Napa Cabbage Kimchi","producer":"Sinto Gourmet","photoPath":"https://goodeggs4.imgix.net/d1a1f110-563d-4ca6-a0d8-29ac394a0751.jpg?w=380&h=238&fm=jpg&auto=compress&fit=crop","price":"6.49","pricePer":"$0.46 / oz","purchaseUnit":"14 oz"},{"mainCategory":"Snacks","categoryName":"Pickles & Olives","subCategoryName":"Kraut & Kimchi","title":"Bok Choy Kimchi","producer":"Volcano Kimchi","photoPath":"https://goodeggs4.imgix.net/7f0b813a-b5ac-421f-af80-05df4b1a2105.jpg?w=380&h=238&fm=jpg&auto=compress&fit=crop","price":"15.99","pricePer":"$0.99 / oz","purchaseUnit":"16 oz"},{"mainCategory":"Snacks","categoryName":"Pickles & Olives","subCategoryName":"Kraut & Kimchi","title":"Jicama Kimchi","producer":"Volcano Kimchi","photoPath":"https://goodeggs4.imgix.net/51b8b60c-a7fb-4117-aa8c-a210815550a9.jpg?w=380&h=238&fm=jpg&auto=compress&fit=crop","price":"12.99","pricePer":"$0.81 / oz","purchaseUnit":"16 oz"},{"mainCategory":"Snacks","categoryName":"Pickles & Olives","subCategoryName":"Kraut & Kimchi","title":"Spicy Red Radish Kimchi","producer":"Sinto Gourmet","photoPath":"https://goodeggs4.imgix.net/3bc5e4fb-c9ee-4efb-aeb0-a62aeaa31d64.jpg?w=380&h=238&fm=jpg&auto=compress&fit=crop","price":"6.49","pricePer":"$0.46 / oz","purchaseUnit":"14 oz"},{"mainCategory":"Snacks","categoryName":"Pickles & Olives","subCategoryName":"Kraut & Kimchi","title":"Plenty Roots Kimchi","producer":"Sinto Gourmet","photoPath":"https://goodeggs4.imgix.net/7fccd8eb-81af-404c-953c-bfab9454df33.jpg?w=380&h=238&fm=jpg&auto=compress&fit=crop","price":"6.49","pricePer":"$0.46 / oz","purchaseUnit":"14 oz"},{"mainCategory":"Snacks","categoryName":"Pickles & Olives","subCategoryName":"Kraut & Kimchi","title":"Ssamjang","producer":"Volcano Kimchi","photoPath":"https://goodeggs4.imgix.net/21890ff2-1a73-4748-a2bf-39280b2f474d.jpg?w=380&h=238&fm=jpg&auto=compress&fit=crop","price":"10.99","pricePer":"$2.74 / oz","purchaseUnit":"4 oz"},{"mainCategory":"Snacks","categoryName":"Pickles & Olives","subCategoryName":"Kraut & Kimchi","title":"Organic Ginger Beet Probiotic Gut Shot","producer":"Farmhouse Culture","photoPath":"https://goodeggs4.imgix.net/68de7cc0-ddbb-44a1-9098-f634176fe8d0.jpg?w=380&h=238&fm=jpg&auto=compress&fit=crop","price":"6.99","pricePer":"$0.44 / fl oz","purchaseUnit":"16 fl oz"},{"mainCategory":"Snacks","categoryName":"Pickles & Olives","subCategoryName":"Kraut & Kimchi","title":"Organic Garlic Dill Pickle Probiotic Gut Shot","producer":"Farmhouse Culture","photoPath":"https://goodeggs4.imgix.net/579c2347-3412-4086-a771-777001aae1b2.jpg?w=380&h=238&fm=jpg&auto=compress&fit=crop","price":"6.99","pricePer":"$0.44 / fl oz","purchaseUnit":"16 fl oz"},{"mainCategory":"Snacks","categoryName":"Pickles & Olives","subCategoryName":"Kraut & Kimchi","title":"Raw Sauerkraut","producer":"Sonoma Brinery","photoPath":"https://goodeggs4.imgix.net/77d17fca-d9fa-446d-92f6-d223e02eafad.jpg?w=380&h=238&fm=jpg&auto=compress&fit=crop","price":"3.99","pricePer":"$0.25 / fl oz","purchaseUnit":"16 fl oz"},{"mainCategory":"Snacks","categoryName":"Pickles & Olives","subCategoryName":"Kraut & Kimchi","title":"Dill & Garlic Sauerkraut","producer":"Sonoma Brinery","photoPath":"https://goodeggs4.imgix.net/6f5cb828-1599-4e3d-b67a-fab4165e5de0.jpg?w=380&h=238&fm=jpg&auto=compress&fit=crop","price":"3.99","pricePer":"$0.25 / fl oz","purchaseUnit":"16 fl oz"},{"mainCategory":"Snacks","categoryName":"Pickles & Olives","subCategoryName":"Kraut & Kimchi","title":"Organic Super Sauerkraut Salad","producer":"The Cultured Pickle Shop","photoPath":"https://goodeggs4.imgix.net/6d7fc169-ae24-4d7a-9ba9-ad794c531f55.jpg?w=380&h=238&fm=jpg&auto=compress&fit=crop","price":"13.99","pricePer":"$0.99 / oz","purchaseUnit":"14 oz"},{"mainCategory":"Snacks","categoryName":"Pickles & Olives","subCategoryName":"Kraut & Kimchi","title":"Spicy Bread & Butter","producer":"Sonoma Brinery","photoPath":"https://goodeggs4.imgix.net/a01dfb10-20fa-49fe-a756-a490e89c5d31.jpg?w=380&h=238&fm=jpg&auto=compress&fit=crop","price":"3.99","pricePer":"$0.25 / fl oz","purchaseUnit":"16 fl oz"},{"mainCategory":"Snacks","categoryName":"Pickles & Olives","subCategoryName":"Kraut & Kimchi","title":"Organic Sea Kraut","producer":"The Cultured Pickle Shop","photoPath":"https://goodeggs4.imgix.net/108c5f36-f7b9-4ae5-a873-9a467496c4c2.jpg?w=380&h=238&fm=jpg&auto=compress&fit=crop","price":"13.99","pricePer":"$0.99 / oz","purchaseUnit":"14 oz"},{"mainCategory":"Snacks","categoryName":"Pickles & Olives","subCategoryName":"Kraut & Kimchi","title":"Organic Vintage Kraut","producer":"The Cultured Pickle Shop","photoPath":"https://goodeggs4.imgix.net/1b0d7a6b-c936-40d3-8a33-d1d6158c347f.jpg?w=380&h=238&fm=jpg&auto=compress&fit=crop","price":"12.99","pricePer":"$0.92 / oz","purchaseUnit":"14 oz"},{"mainCategory":"Snacks","categoryName":"Pickles & Olives","subCategoryName":"Kraut & Kimchi","title":"Organic Garlic Dill Pickle Kraut","producer":"Farmhouse Culture","photoPath":"https://goodeggs4.imgix.net/bc668af9-9944-4332-932a-96d936926791.jpg?w=380&h=238&fm=jpg&auto=compress&fit=crop","price":"6.99","pricePer":"$0.44 / oz","purchaseUnit":"16 oz"},{"mainCategory":"Snacks","categoryName":"Pickles & Olives","subCategoryName":"Kraut & Kimchi","title":"Organic Classic Caraway Kraut","producer":"Farmhouse Culture","photoPath":"https://goodeggs4.imgix.net/c06c919f-c1e8-41e5-a41d-fd2eef09b12c.jpg?w=380&h=238&fm=jpg&auto=compress&fit=crop","price":"6.99","pricePer":"$0.44 / oz","purchaseUnit":"16 oz"},{"mainCategory":"Snacks","categoryName":"Chocolate & Candy","subCategoryName":"Chocolate Bars","title":"Caramel Sea Salt Milk Chocolate Bar (32%)","producer":"Tony's Chocolonely","photoPath":"https://goodeggs4.imgix.net/69b868f5-32ca-4bfe-affe-af27782312d1.jpg?w=380&h=238&fm=jpg&auto=compress&fit=crop","price":"4.79","pricePer":"$0.79 / oz","purchaseUnit":"6 oz"},{"mainCategory":"Snacks","categoryName":"Chocolate & Candy","subCategoryName":"Chocolate Bars","title":"Almond Sea Salt Dark Chocolate Bar (51%)","producer":"Tony's Chocolonely","photoPath":"https://goodeggs4.imgix.net/ffd6e7f6-ad25-4aa5-9a29-ca6426689585.jpg?w=380&h=238&fm=jpg&auto=compress&fit=crop","price":"4.79","pricePer":"$0.79 / oz","purchaseUnit":"6 oz"},{"mainCategory":"Snacks","categoryName":"Chocolate & Candy","subCategoryName":"Chocolate Bars","title":"Milk Chocolate Bar (32%)","producer":"Tony's Chocolonely","photoPath":"https://goodeggs4.imgix.net/12eae914-da6f-4e43-9c6c-6ed739ecb585.jpg?w=380&h=238&fm=jpg&auto=compress&fit=crop","price":"4.79","pricePer":"$0.79 / oz","purchaseUnit":"6 oz"},{"mainCategory":"Snacks","categoryName":"Chocolate & Candy","subCategoryName":"Chocolate Bars","title":"Organic Dark Salted Burnt Caramel Bar (70%)","producer":"Alter Eco","photoPath":"https://goodeggs4.imgix.net/2b171195-9608-439a-9f10-a9101d8d1c8b.jpg?w=380&h=238&fm=jpg&auto=compress&fit=crop","price":"3.69","pricePer":"$1.30 / oz","purchaseUnit":"2.82 oz"},{"mainCategory":"Snacks","categoryName":"Chocolate & Candy","subCategoryName":"Chocolate Bars","title":"Organic Milk Chocolate Bar","producer":"Lake Champlain Chocolates","photoPath":"https://goodeggs4.imgix.net/1b8a1e44-0c66-4406-8390-5dbe2cee829f.jpg?w=380&h=238&fm=jpg&auto=compress&fit=crop","price":"4.99","pricePer":"$1.66 / oz","purchaseUnit":"3 oz"},{"mainCategory":"Snacks","categoryName":"Chocolate & Candy","subCategoryName":"Chocolate Bars","title":"Organic Dark Quinoa Crunch Chocolate Bar (60%)","producer":"Alter Eco","photoPath":"https://goodeggs4.imgix.net/31e519c4-f7f0-4250-8023-3658c529e8a7.jpg?w=380&h=238&fm=jpg&auto=compress&fit=crop","price":"3.69","pricePer":"$1.30 / oz","purchaseUnit":"2.82 oz"},{"mainCategory":"Snacks","categoryName":"Chocolate & Candy","subCategoryName":"Chocolate Bars","title":"Organic Deep Dark Sea Salt Chocolate Bar (70%)","producer":"Alter Eco","photoPath":"https://goodeggs4.imgix.net/ace0b903-58fb-4e9a-b71f-b92a3a8bfc27.jpg?w=380&h=238&fm=jpg&auto=compress&fit=crop","price":"3.69","pricePer":"$1.30 / oz","purchaseUnit":"2.82 oz"},{"mainCategory":"Snacks","categoryName":"Chocolate & Candy","subCategoryName":"Chocolate Bars","title":"Organic Superdark Mint Crisp Chocolate Bar (90%)","producer":"Alter Eco","photoPath":"https://goodeggs4.imgix.net/4afe7bd1-c28e-4be8-92d3-dfdd15ba4641.jpg?w=380&h=238&fm=jpg&auto=compress&fit=crop","price":"3.69","pricePer":"$1.30 / oz","purchaseUnit":"2.82 oz"},{"mainCategory":"Snacks","categoryName":"Chocolate & Candy","subCategoryName":"Chocolate Bars","title":"Organic Panama Extra Dark Chocolate","producer":"Equal Exchange","photoPath":"https://goodeggs4.imgix.net/afbf5d3e-2f1e-466f-b9a1-a53d2fe295f8.jpg?w=380&h=238&fm=jpg&auto=compress&fit=crop","price":"3.29","pricePer":"$1.17 / oz","purchaseUnit":"2.8 oz"},{"mainCategory":"Snacks","categoryName":"Chocolate & Candy","subCategoryName":"Chocolate Bars","title":"Organic Dark Salted Almond Chocolate Bar (70%)","producer":"Alter Eco","photoPath":"https://goodeggs4.imgix.net/957b4e6a-1340-45cf-ac4e-ae2240439823.jpg?w=380&h=238&fm=jpg&auto=compress&fit=crop","price":"3.69","pricePer":"$1.30 / oz","purchaseUnit":"2.82 oz"},{"mainCategory":"Snacks","categoryName":"Chocolate & Candy","subCategoryName":"Chocolate Bars","title":"Organic Dark Salted Brown Butter Chocolate Bar (70%)","producer":"Alter Eco","photoPath":"https://goodeggs4.imgix.net/ea19f6f6-7404-449b-b03c-11ac7925b6e8.jpg?w=380&h=238&fm=jpg&auto=compress&fit=crop","price":"3.69","pricePer":"$1.30 / oz","purchaseUnit":"2.82 oz"},{"mainCategory":"Snacks","categoryName":"Chocolate & Candy","subCategoryName":"Chocolate Bars","title":"Organic Filled Salted Caramel Dark Chocolate Bar","producer":"Lake Champlain Chocolates","photoPath":"https://goodeggs4.imgix.net/43f51a8e-776c-4f38-abd9-7753c9edd507.jpg?w=380&h=238&fm=jpg&auto=compress&fit=crop","price":"4.99","pricePer":"$1.53 / oz","purchaseUnit":"3.25 oz"},{"mainCategory":"Snacks","categoryName":"Chocolate & Candy","subCategoryName":"Chocolate Bars","title":"Extra Dark Chocolate Bar (70%)","producer":"Tony's Chocolonely","photoPath":"https://goodeggs4.imgix.net/0d9acfde-8adf-47c2-85ad-6a3ecb3577de.jpg?w=380&h=238&fm=jpg&auto=compress&fit=crop","price":"4.79","pricePer":"$0.79 / oz","purchaseUnit":"6 oz"},{"mainCategory":"Snacks","categoryName":"Chocolate & Candy","subCategoryName":"Chocolate Bars","title":"Organic Filled Peanut Butter Dark Chocolate Bar","producer":"Lake Champlain Chocolates","photoPath":"https://goodeggs4.imgix.net/2ec79346-6754-432d-93a4-e5665b6ed5d3.jpg?w=380&h=238&fm=jpg&auto=compress&fit=crop","price":"4.99","pricePer":"$1.53 / oz","purchaseUnit":"3.25 oz"},{"mainCategory":"Snacks","categoryName":"Chocolate & Candy","subCategoryName":"Chocolate Bars","title":"Fleur de Sel 73% Dark Chocolate Bar","producer":"Dick Taylor Craft Chocolate","photoPath":"https://goodeggs4.imgix.net/98501bd2-ba3f-40bf-9946-f913d9566f01.jpg?w=380&h=238&fm=jpg&auto=compress&fit=crop","price":"7.99","pricePer":"$3.99 / oz","purchaseUnit":"2 oz"},{"mainCategory":"Snacks","categoryName":"Chocolate & Candy","subCategoryName":"Chocolate Bars","title":"Madagascar 72% Dark Chocolate Bar","producer":"Dick Taylor Craft Chocolate","photoPath":"https://goodeggs4.imgix.net/3bbe4ae6-aae3-4a2a-9384-4cdb0961ae0d.jpg?w=380&h=238&fm=jpg&auto=compress&fit=crop","price":"7.99","pricePer":"$3.99 / oz","purchaseUnit":"2 oz"},{"mainCategory":"Snacks","categoryName":"Chocolate & Candy","subCategoryName":"Chocolate Bars","title":"Organic Toffee & Almond Crunch Dark Chocolate Bar","producer":"Lake Champlain Chocolates","photoPath":"https://goodeggs4.imgix.net/e3ddfd25-517a-46c0-bf70-7a916aa5afe2.jpg?w=380&h=238&fm=jpg&auto=compress&fit=crop","price":"4.99","pricePer":"$1.66 / oz","purchaseUnit":"3 oz"},{"mainCategory":"Snacks","categoryName":"Chocolate & Candy","subCategoryName":"Chocolate Bars","title":"Organic Dark Chocolate Caramel Crunch with Sea Salt","producer":"Equal Exchange","photoPath":"https://goodeggs4.imgix.net/41b7bcae-dfed-4c2d-af4d-0d14fc6bfa45.jpg?w=380&h=238&fm=jpg&auto=compress&fit=crop","price":"3.29","pricePer":"$1.17 / oz","purchaseUnit":"2.8 oz"},{"mainCategory":"Snacks","categoryName":"Chocolate & Candy","subCategoryName":"Chocolate Bars","title":"Organic Dark Coconut Toffee Chocolate Bar (47%)","producer":"Alter Eco","photoPath":"https://goodeggs4.imgix.net/6567a4a0-fe33-48c7-8f24-3a113c81e7f0.jpg?w=380&h=238&fm=jpg&auto=compress&fit=crop","price":"3.69","pricePer":"$1.30 / oz","purchaseUnit":"2.82 oz"},{"mainCategory":"Snacks","categoryName":"Chocolate & Candy","subCategoryName":"Chocolate Bars","title":"Filled Bourbon Caramel Milk Chocolate Bar","producer":"Lake Champlain Chocolates","photoPath":"https://goodeggs4.imgix.net/8c9dbf73-b264-466b-9a68-920a3ad8bc46.jpg?w=380&h=238&fm=jpg&auto=compress&fit=crop","price":"4.99","pricePer":"$1.53 / oz","purchaseUnit":"3.25 oz"},{"mainCategory":"Snacks","categoryName":"Chocolate & Candy","subCategoryName":"Chocolate Bars","title":"Belize 72% Dark Chocolate Bar","producer":"Dick Taylor Craft Chocolate","photoPath":"https://goodeggs4.imgix.net/93c0f33b-e902-4228-a45a-5dc405f3c4db.jpg?w=380&h=238&fm=jpg&auto=compress&fit=crop","price":"7.99","pricePer":"$3.99 / oz","purchaseUnit":"2 oz"},{"mainCategory":"Snacks","categoryName":"Chocolate & Candy","subCategoryName":"Chocolate Bars","title":"Organic Dark Super Blackout Chocolate Bar (90%)","producer":"Alter Eco","photoPath":"https://goodeggs4.imgix.net/615a5e03-16f6-45cb-b001-df359b4b6647.jpg?w=380&h=238&fm=jpg&auto=compress&fit=crop","price":"3.69","pricePer":"$1.30 / oz","purchaseUnit":"2.82 oz"},{"mainCategory":"Snacks","categoryName":"Chocolate & Candy","subCategoryName":"Chocolate Bars","title":"Organic Dark Blackout Chocolate Bar (85%)","producer":"Alter Eco","photoPath":"https://goodeggs4.imgix.net/16b1f79c-263a-43f8-b00b-05505df0da14.jpg?w=380&h=238&fm=jpg&auto=compress&fit=crop","price":"3.69","pricePer":"$1.30 / oz","purchaseUnit":"2.82 oz"},{"mainCategory":"Snacks","categoryName":"Chocolate & Candy","subCategoryName":"Chocolate Bars","title":"Organic Eclipse 92% Dark Chocolate Bar","producer":"Equal Exchange","photoPath":"https://goodeggs4.imgix.net/2dc8c093-5a0a-401e-af61-355f4fa8389b.jpg?w=380&h=238&fm=jpg&auto=compress&fit=crop","price":"3.29","pricePer":"$1.17 / oz","purchaseUnit":"2.8 oz"},{"mainCategory":"Snacks","categoryName":"Chocolate & Candy","subCategoryName":"Chocolate Bars","title":"Organic 88% Extreme Dark Chocolate Bar","producer":"Equal Exchange","photoPath":"https://goodeggs4.imgix.net/d37216e3-325a-4e28-884e-9c34878ada7a.jpg?w=380&h=238&fm=jpg&auto=compress&fit=crop","price":"3.29","pricePer":"$1.17 / oz","purchaseUnit":"2.8 oz"},{"mainCategory":"Snacks","categoryName":"Chocolate & Candy","subCategoryName":"Chocolate Bars","title":"Organic 55% Dark Chocolate Almond & Sea Salt Bar","producer":"Equal Exchange","photoPath":"https://goodeggs4.imgix.net/872e8b8f-43e0-4467-8d2a-5f9ef1a58fb8.jpg?w=380&h=238&fm=jpg&auto=compress&fit=crop","price":"3.29","pricePer":"$0.94 / oz","purchaseUnit":"3.5 oz"},{"mainCategory":"Snacks","categoryName":"Chocolate & Candy","subCategoryName":"Candy Bars","title":"Milk Chocolate Peanut Butter Cups","producer":"Perfect Bar","photoPath":"https://goodeggs4.imgix.net/c6143952-79ba-4bc1-bfff-a3f0b701d6f8.jpg?w=380&h=238&fm=jpg&auto=compress&fit=crop","price":"2.99","pricePer":"$2.13 / oz","purchaseUnit":"1.4 oz"},{"mainCategory":"Snacks","categoryName":"Chocolate & Candy","subCategoryName":"Candy Bars","title":"Dark Chocolate & Sea Salt Peanut Butter Cups","producer":"Perfect Bar","photoPath":"https://goodeggs4.imgix.net/90d4a420-57a4-49e2-83ab-13705634db2a.jpg?w=380&h=238&fm=jpg&auto=compress&fit=crop","price":"2.99","pricePer":"$2.13 / oz","purchaseUnit":"1.4 oz"},{"mainCategory":"Snacks","categoryName":"Chocolate & Candy","subCategoryName":"Candy Bars","title":"Vegan Sunflower Butter Cacao Squares","producer":"Urban Remedy","photoPath":"https://goodeggs4.imgix.net/18ae42b4-7c55-11eb-a74a-432eca49252a?w=380&h=238&fm=jpg&auto=compress&fit=crop","price":"3.99","pricePer":null,"purchaseUnit":"1.5 oz"},{"mainCategory":"Snacks","categoryName":"Chocolate & Candy","subCategoryName":"Candy Bars","title":"Organic Dark Chocolate Peanut Butter Cups","producer":"Theo Chocolate","photoPath":"https://goodeggs4.imgix.net/6568daa5-1015-415b-89a6-d9507571c42b.jpg?w=380&h=238&fm=jpg&auto=compress&fit=crop","price":"2.39","pricePer":"$1.83 / oz","purchaseUnit":"1.3 oz"},{"mainCategory":"Snacks","categoryName":"Chocolate & Candy","subCategoryName":"Candy Bars","title":"Organic Caramel & Nougat 'Berkeley' Bars (Vegan)","producer":"Coracao Confections","photoPath":"https://goodeggs4.imgix.net/387c69d5-d744-44c6-83aa-f4e2d170ea01.jpg?w=380&h=238&fm=jpg&auto=compress&fit=crop","price":"5.79","pricePer":"$2.63 / oz","purchaseUnit":"2 count"},{"mainCategory":"Snacks","categoryName":"Chocolate & Candy","subCategoryName":"Candy Bars","title":"Organic Chocolate Caramel Minis","producer":"Ocho Candy","photoPath":"https://goodeggs4.imgix.net/8349e967-ef0e-4d16-9fab-c9f1baa18ee5.jpg?w=380&h=238&fm=jpg&auto=compress&fit=crop","price":"4.49","pricePer":"$1.28 / oz","purchaseUnit":"3.5 oz"},{"mainCategory":"Snacks","categoryName":"Chocolate & Candy","subCategoryName":"Candy Bars","title":"Organic Chocolate Coconut Minis","producer":"Ocho Candy","photoPath":"https://goodeggs4.imgix.net/b99e011e-e49c-4bb5-9378-b0e67cb97e80.jpg?w=380&h=238&fm=jpg&auto=compress&fit=crop","price":"4.49","pricePer":"$1.28 / oz","purchaseUnit":"3.5 oz"},{"mainCategory":"Snacks","categoryName":"Chocolate & Candy","subCategoryName":"Candy Bars","title":"Milk Chocolate with Salted Caramel Cookie Bar","producer":"Little Secrets","photoPath":"https://goodeggs4.imgix.net/57a75e22-3b5b-487d-9cba-1ab565877fc3.jpg?w=380&h=238&fm=jpg&auto=compress&fit=crop","price":"2.19","pricePer":"$1.21 / oz","purchaseUnit":"1.8 oz"},{"mainCategory":"Snacks","categoryName":"Chocolate & Candy","subCategoryName":"Candy Bars","title":"Milk Chocolate Creme Filled Wafers","producer":"Little Secrets","photoPath":"https://goodeggs4.imgix.net/54996755-64e3-4be7-a4a1-64b8df514d36.jpg?w=380&h=238&fm=jpg&auto=compress&fit=crop","price":"2.19","pricePer":"$1.56 / oz","purchaseUnit":"1.4 oz"},{"mainCategory":"Snacks","categoryName":"Chocolate & Candy","subCategoryName":"Candy Bars","title":"Dark Chocolate Creme Filled Wafers","producer":"Little Secrets","photoPath":"https://goodeggs4.imgix.net/cf9ae816-bf8f-4c7f-a554-4afbb7fa5e28.jpg?w=380&h=238&fm=jpg&auto=compress&fit=crop","price":"2.19","pricePer":"$1.56 / oz","purchaseUnit":"1.4 oz"},{"mainCategory":"Snacks","categoryName":"Chocolate & Candy","subCategoryName":"Candy Bars","title":"Dark Chocolate with Salted Caramel Cookie Bar","producer":"Little Secrets","photoPath":"https://goodeggs4.imgix.net/82e27f54-b8cf-454f-b4c9-40ce45fc3491.jpg?w=380&h=238&fm=jpg&auto=compress&fit=crop","price":"2.19","pricePer":"$1.21 / oz","purchaseUnit":"1.8 oz"},{"mainCategory":"Snacks","categoryName":"Chocolate & Candy","subCategoryName":"Candy Bars","title":"Organic Almond Butter Truffle Bar (Vegan)","producer":"Coracao Confections","photoPath":"https://goodeggs4.imgix.net/c6870ea7-1c18-4738-a7fe-771501484bed.jpg?w=380&h=238&fm=jpg&auto=compress&fit=crop","price":"9.99","pricePer":"$3.99 / oz","purchaseUnit":"2.5 oz"},{"mainCategory":"Snacks","categoryName":"Chocolate & Candy","subCategoryName":"Candy Bars","title":"Organic Caramel Truffle Bar (Vegan)","producer":"Coracao Confections","photoPath":"https://goodeggs4.imgix.net/94672b58-7757-428c-a1e5-ad1e5c914333.jpg?w=380&h=238&fm=jpg&auto=compress&fit=crop","price":"9.99","pricePer":"$3.99 / oz","purchaseUnit":"2.5 oz"},{"mainCategory":"Snacks","categoryName":"Chocolate & Candy","subCategoryName":"Candy Bars","title":"Organic Salted Caramels","producer":"Coracao Confections","photoPath":"https://goodeggs4.imgix.net/9e8ecc46-c9bb-402b-9cd2-0dd84fd0c61a.jpg?w=380&h=238&fm=jpg&auto=compress&fit=crop","price":"5.79","pricePer":"$2.89 / oz","purchaseUnit":"2 count"},{"mainCategory":"Snacks","categoryName":"Chocolate & Candy","subCategoryName":"Candy Bars","title":"Hazelnut Cream Bars","producer":"Coracao Confections","photoPath":"https://goodeggs4.imgix.net/a52aa1d4-d4e9-4bf0-8040-8fbfa7064334.jpg?w=380&h=238&fm=jpg&auto=compress&fit=crop","price":"5.79","pricePer":"$2.89 / oz","purchaseUnit":"2 count"},{"mainCategory":"Snacks","categoryName":"Chocolate & Candy","subCategoryName":"Candy Bars","title":"Almond Butter Bars","producer":"Coracao Confections","photoPath":"https://goodeggs4.imgix.net/6f47ab0b-a186-4055-bfdd-692b1f807077.jpg?w=380&h=238&fm=jpg&auto=compress&fit=crop","price":"5.79","pricePer":"$2.89 / oz","purchaseUnit":"2 count"},{"mainCategory":"Snacks","categoryName":"Chocolate & Candy","subCategoryName":"Chewy Candy","title":"Vegan Vanilla Marshmallows","producer":"Dandies Vegan Marshmallows","photoPath":"https://goodeggs4.imgix.net/028e9e3b-a128-45c8-a469-9caf465dc382.jpg?w=380&h=238&fm=jpg&auto=compress&fit=crop","price":"4.99","pricePer":"$0.49 / oz","purchaseUnit":"10 oz"},{"mainCategory":"Snacks","categoryName":"Chocolate & Candy","subCategoryName":"Chewy Candy","title":"Vegan Vanilla Mini Marshmallows","producer":"Dandies Vegan Marshmallows","photoPath":"https://goodeggs4.imgix.net/c8cb86e4-4a7e-46df-a983-2a5b71fff346.jpg?w=380&h=238&fm=jpg&auto=compress&fit=crop","price":"4.99","pricePer":"$0.49 / oz","purchaseUnit":"10 oz"},{"mainCategory":"Snacks","categoryName":"Chocolate & Candy","subCategoryName":"Chewy Candy","title":"Organic Delish Fish","producer":"Wholesome Sweeteners","photoPath":"https://goodeggs4.imgix.net/ba73d3b2-4b1c-4440-9fbf-ca1cac0e98b8.jpg?w=380&h=238&fm=jpg&auto=compress&fit=crop","price":"4.69","pricePer":"$0.78 / oz","purchaseUnit":"6 oz"},{"mainCategory":"Snacks","categoryName":"Chocolate & Candy","subCategoryName":"Chewy Candy","title":"Peach Rings","producer":"Smart Sweets","photoPath":"https://goodeggs4.imgix.net/3f4e9560-2528-4755-b435-dbc057a356b7.jpg?w=380&h=238&fm=jpg&auto=compress&fit=crop","price":"3.49","pricePer":"$1.93 / oz","purchaseUnit":"1.8 oz"},{"mainCategory":"Snacks","categoryName":"Chocolate & Candy","subCategoryName":"Chewy Candy","title":"Sour Blast Gummy Buddies","producer":"Smart Sweets","photoPath":"https://goodeggs4.imgix.net/36f822b7-ea8a-42c9-b414-6241883d16dd.jpg?w=380&h=238&fm=jpg&auto=compress&fit=crop","price":"3.49","pricePer":"$1.93 / oz","purchaseUnit":"1.8 oz"},{"mainCategory":"Snacks","categoryName":"Chocolate & Candy","subCategoryName":"Chewy Candy","title":"Fruity Gummy Bears","producer":"Smart Sweets","photoPath":"https://goodeggs4.imgix.net/a8955575-0c69-4774-9051-1a39c145fb57.jpg?w=380&h=238&fm=jpg&auto=compress&fit=crop","price":"3.49","pricePer":"$1.93 / oz","purchaseUnit":"1.8 oz"},{"mainCategory":"Snacks","categoryName":"Chocolate & Candy","subCategoryName":"Chewy Candy","title":"Sour Gummy Bears","producer":"Smart Sweets","photoPath":"https://goodeggs4.imgix.net/b2f53189-251f-4ae6-b350-983a70bb8bfa.jpg?w=380&h=238&fm=jpg&auto=compress&fit=crop","price":"3.49","pricePer":"$1.93 / oz","purchaseUnit":"1.8 oz"},{"mainCategory":"Snacks","categoryName":"Chocolate & Candy","subCategoryName":"Chewy Candy","title":"Sweet Gummy Fish","producer":"Smart Sweets","photoPath":"https://goodeggs4.imgix.net/4cd0da87-46ac-4a55-ad63-95d455096d8d.jpg?w=380&h=238&fm=jpg&auto=compress&fit=crop","price":"3.49","pricePer":"$1.93 / oz","purchaseUnit":"1.8 oz"},{"mainCategory":"Snacks","categoryName":"Chocolate & Candy","subCategoryName":"Chewy Candy","title":"Organic Sour Jelly beans","producer":"YumEarth","photoPath":"https://goodeggs4.imgix.net/aaaf89aa-3139-49b2-b07d-ae929b6b7705.jpg?w=380&h=238&fm=jpg&auto=compress&fit=crop","price":"4.99","pricePer":"$1.42 / oz","purchaseUnit":"5 count"},{"mainCategory":"Snacks","categoryName":"Chocolate & Candy","subCategoryName":"Bites & Snacking Chocolate","title":"Dark Chocolate Peanut Butter Cups","producer":"Unreal","photoPath":"https://goodeggs4.imgix.net/19c0bc6d-b956-4d09-ac6c-e083a43dccf6.jpg?w=380&h=238&fm=jpg&auto=compress&fit=crop","price":"4.99","pricePer":"$1.18 / oz","purchaseUnit":"4.2 oz"},{"mainCategory":"Snacks","categoryName":"Chocolate & Candy","subCategoryName":"Bites & Snacking Chocolate","title":"Dark Chocolate Peanut Gems","producer":"Unreal","photoPath":"https://goodeggs4.imgix.net/d86e5edb-febc-4265-a94a-d3cf64e20cee.jpg?w=380&h=238&fm=jpg&auto=compress&fit=crop","price":"4.99","pricePer":"$0.99 / oz","purchaseUnit":"5 oz"},{"mainCategory":"Snacks","categoryName":"Chocolate & Candy","subCategoryName":"Bites & Snacking Chocolate","title":"Crispy Dark Chocolate Peanut Butter Cups","producer":"Unreal","photoPath":"https://goodeggs4.imgix.net/f863e656-ad0a-45a6-9db7-3e5bd0f1481b.jpg?w=380&h=238&fm=jpg&auto=compress&fit=crop","price":"4.99","pricePer":"$1.24 / oz","purchaseUnit":"4 oz"},{"mainCategory":"Snacks","categoryName":"Chocolate & Candy","subCategoryName":"Bites & Snacking Chocolate","title":"Milk Chocolate Gems","producer":"Unreal","photoPath":"https://goodeggs4.imgix.net/9ff15f01-3a46-4fba-81f2-60a90989f918.jpg?w=380&h=238&fm=jpg&auto=compress&fit=crop","price":"4.99","pricePer":"$0.99 / oz","purchaseUnit":"5 oz"},{"mainCategory":"Snacks","categoryName":"Chocolate & Candy","subCategoryName":"Bites & Snacking Chocolate","title":"Dark Chocolate Crispy Gems","producer":"Unreal","photoPath":"https://goodeggs4.imgix.net/eca5fa75-268b-489c-8f15-4406537f3847.jpg?w=380&h=238&fm=jpg&auto=compress&fit=crop","price":"4.99","pricePer":"$0.99 / oz","purchaseUnit":"5 oz"},{"mainCategory":"Snacks","categoryName":"Chocolate & Candy","subCategoryName":"Bites & Snacking Chocolate","title":"Dark Chocolate Almond Butter Cups","producer":"Unreal","photoPath":"https://goodeggs4.imgix.net/c06e2fe8-abe1-4481-86f5-4540dc031c31.jpg?w=380&h=238&fm=jpg&auto=compress&fit=crop","price":"4.99","pricePer":"$1.55 / oz","purchaseUnit":"3.2 oz"},{"mainCategory":"Snacks","categoryName":"Chocolate & Candy","subCategoryName":"Bites & Snacking Chocolate","title":"Dark Chocolate Cocoa Almonds","producer":"SkinnyDipped Almonds","photoPath":"https://goodeggs4.imgix.net/ad4f8166-3c1d-4c96-b09f-8b47e7352c30.jpg?w=380&h=238&fm=jpg&auto=compress&fit=crop","price":"4.99","pricePer":"$1.42 / oz","purchaseUnit":"3.5 oz"},{"mainCategory":"Snacks","categoryName":"Chocolate & Candy","subCategoryName":"Bites & Snacking Chocolate","title":"Dark Chocolate Peanut Butter Almonds","producer":"SkinnyDipped Almonds","photoPath":"https://goodeggs4.imgix.net/e70a1aa3-e078-4e8d-9683-e9a39352db0f.jpg?w=380&h=238&fm=jpg&auto=compress&fit=crop","price":"4.99","pricePer":"$1.42 / oz","purchaseUnit":"3.5 oz"},{"mainCategory":"Snacks","categoryName":"Chocolate & Candy","subCategoryName":"Bites & Snacking Chocolate","title":"Organic Dark Chocolate & Crunchy Quinoa Snack Bites","producer":"Lake Champlain Chocolates","photoPath":"https://goodeggs4.imgix.net/98984a03-a393-4686-84af-5d57b236a118.jpg?w=380&h=238&fm=jpg&auto=compress&fit=crop","price":"6.99","pricePer":"$1.99 / oz","purchaseUnit":"3.5 oz"},{"mainCategory":"Snacks","categoryName":"Chocolate & Candy","subCategoryName":"Bites & Snacking Chocolate","title":"Zero Sugar Mini Chocolate Bars","producer":"The Good Chocolate","photoPath":"https://goodeggs4.imgix.net/6deb9f33-c034-4e87-a37d-d7b593a6c666.jpg?w=380&h=238&fm=jpg&auto=compress&fit=crop","price":"27.99","pricePer":"$3.49 / oz","purchaseUnit":"18 count"},{"mainCategory":"Snacks","categoryName":"Chocolate & Candy","subCategoryName":"Bites & Snacking Chocolate","title":"Dark Chocolate Covered Crickets","producer":"Don Bugito","photoPath":"https://goodeggs4.imgix.net/d14fdc79-604b-4749-94c4-c5aedf781b86.jpg?w=380&h=238&fm=jpg&auto=compress&fit=crop","price":"5.99","pricePer":"$7.48 / oz","purchaseUnit":"0.8 oz"},{"mainCategory":"Snacks","categoryName":"Chocolate & Candy","subCategoryName":"Bites & Snacking Chocolate","title":"Organic Manuka Honey Lollipops","producer":"Wedderspoon","photoPath":"https://goodeggs4.imgix.net/4203f60b-2cf6-4a48-b910-bdb787acaa55.jpg?w=380&h=238&fm=jpg&auto=compress&fit=crop","price":"11.99","pricePer":"$2.88 / oz","purchaseUnit":"24 count"},{"mainCategory":"Snacks","categoryName":"Chocolate & Candy","subCategoryName":"Bites & Snacking Chocolate","title":"Organic Ginger & Echinacea Manuka Honey Drops","producer":"Wedderspoon","photoPath":"https://goodeggs4.imgix.net/b1c96107-5e9a-475b-9241-fd60504308a9.jpg?w=380&h=238&fm=jpg&auto=compress&fit=crop","price":"10.99","pricePer":"$2.74 / oz","purchaseUnit":"4 oz"},{"mainCategory":"Snacks","categoryName":"Chocolate & Candy","subCategoryName":"Bites & Snacking Chocolate","title":"Organic Echinacea Manuka Honey Drops","producer":"Wedderspoon","photoPath":"https://goodeggs4.imgix.net/1e535cc8-b83a-45ac-9ea0-b130f4526eb1.jpg?w=380&h=238&fm=jpg&auto=compress&fit=crop","price":"10.99","pricePer":"$2.74 / oz","purchaseUnit":"4 oz"},{"mainCategory":"Snacks","categoryName":"Chocolate & Candy","subCategoryName":"Bites & Snacking Chocolate","title":"Organic Lemon & Propolis Manuka Honey Drops","producer":"Wedderspoon","photoPath":"https://goodeggs4.imgix.net/1339608f-24aa-4dc3-ac3e-99ef1370d586.jpg?w=380&h=238&fm=jpg&auto=compress&fit=crop","price":"10.99","pricePer":"$2.74 / oz","purchaseUnit":"4 oz"},{"mainCategory":"Snacks","categoryName":"Chocolate & Candy","subCategoryName":"Truffles & Confections","title":"Dark Chocolate Mint Patties","producer":"Seely Mint","photoPath":"https://goodeggs4.imgix.net/bf9ea144-8f5e-4c30-8f90-9b1e85f10b65.jpg?w=380&h=238&fm=jpg&auto=compress&fit=crop","price":"7.99","pricePer":"$1.59 / oz","purchaseUnit":"5 oz"},{"mainCategory":"Snacks","categoryName":"Chocolate & Candy","subCategoryName":"Truffles & Confections","title":"Chocolate Covered Candied Orange Peel","producer":"Feve Artisan Chocolatier","photoPath":"https://goodeggs4.imgix.net/03f15460-d114-4818-8cb6-6feea7de92cb.jpg?w=380&h=238&fm=jpg&auto=compress&fit=crop","price":"7.99","pricePer":"$4.56 / oz","purchaseUnit":"1.75 oz"},{"mainCategory":"Snacks","categoryName":"Chocolate & Candy","subCategoryName":"Truffles & Confections","title":"Chocolate Covered Caramelized Hazelnuts","producer":"Feve Artisan Chocolatier","photoPath":"https://goodeggs4.imgix.net/a4245e43-f6de-4827-b94d-e4b130cbb92c.jpg?w=380&h=238&fm=jpg&auto=compress&fit=crop","price":"11.99","pricePer":"$1.99 / oz","purchaseUnit":"6 oz"},{"mainCategory":"Snacks","categoryName":"Chocolate & Candy","subCategoryName":"Truffles & Confections","title":"Strawberry Yogurt Almonds","producer":"Feve Artisan Chocolatier","photoPath":"https://goodeggs4.imgix.net/f987f263-c325-4448-aa77-78d3cf0d6a1b.jpg?w=380&h=238&fm=jpg&auto=compress&fit=crop","price":"11.99","pricePer":"$1.99 / oz","purchaseUnit":"6 oz"},{"mainCategory":"Snacks","categoryName":"Chocolate & Candy","subCategoryName":"Truffles & Confections","title":"Chocolate Chunk Halva","producer":"Hebel & Co","photoPath":"https://goodeggs4.imgix.net/7dcad08d-a72c-4d99-a462-43f69eeb8fb5.jpg?w=380&h=238&fm=jpg&auto=compress&fit=crop","price":"12.99","pricePer":"$1.62 / oz","purchaseUnit":"8 oz"},{"mainCategory":"Snacks","categoryName":"Chocolate & Candy","subCategoryName":"Truffles & Confections","title":"Vanilla Halva","producer":"Hebel & Co","photoPath":"https://goodeggs4.imgix.net/ccbad4e7-a91b-4ea8-a233-9b6003d4288b.jpg?w=380&h=238&fm=jpg&auto=compress&fit=crop","price":"12.99","pricePer":"$1.62 / oz","purchaseUnit":"8 oz"},{"mainCategory":"Snacks","categoryName":"Chocolate & Candy","subCategoryName":"Truffles & Confections","title":"Chocolate Covered Caramelized Almonds","producer":"Feve Artisan Chocolatier","photoPath":"https://goodeggs4.imgix.net/baab9989-78aa-4fb0-aec0-46821a0bb83b.jpg?w=380&h=238&fm=jpg&auto=compress&fit=crop","price":"11.99","pricePer":"$1.99 / oz","purchaseUnit":"6 oz"},{"mainCategory":"Snacks","categoryName":"Chocolate & Candy","subCategoryName":"Truffles & Confections","title":"Mango Lime Almonds","producer":"Feve Artisan Chocolatier","photoPath":"https://goodeggs4.imgix.net/71e01e42-7656-4ab3-b4a3-c09c7596ec6b.jpg?w=380&h=238&fm=jpg&auto=compress&fit=crop","price":"11.99","pricePer":"$1.99 / oz","purchaseUnit":"6 oz"},{"mainCategory":"Snacks","categoryName":"Chocolate & Candy","subCategoryName":"Truffles & Confections","title":"Organic Salted Caramel Chocolate Truffles","producer":"Alter Eco","photoPath":"https://goodeggs4.imgix.net/6c1462df-8afd-4249-aae2-c14b42b5c980.jpg?w=380&h=238&fm=jpg&auto=compress&fit=crop","price":"6.99","pricePer":"$1.66 / oz","purchaseUnit":"10 count"},{"mainCategory":"Snacks","categoryName":"Chocolate & Candy","subCategoryName":"Truffles & Confections","title":"Organic Dark Black Chocolate Truffles","producer":"Alter Eco","photoPath":"https://goodeggs4.imgix.net/0fb077f9-9060-454b-9f14-aad4e772469d.jpg?w=380&h=238&fm=jpg&auto=compress&fit=crop","price":"6.99","pricePer":"$1.66 / oz","purchaseUnit":"10 count"},{"mainCategory":"Snacks","categoryName":"Chocolate & Candy","subCategoryName":"Truffles & Confections","title":"Organic Dark Velvet Chocolate Truffles","producer":"Alter Eco","photoPath":"https://goodeggs4.imgix.net/af84daea-f31e-408b-abe1-74e0f597bb84.jpg?w=380&h=238&fm=jpg&auto=compress&fit=crop","price":"6.99","pricePer":"$1.66 / oz","purchaseUnit":"10 count"},{"mainCategory":"Snacks","categoryName":"Chocolate & Candy","subCategoryName":"Truffles & Confections","title":"Organic Dark Mint Chocolate Truffles","producer":"Alter Eco","photoPath":"https://goodeggs4.imgix.net/4c51d100-dca7-4669-aa2e-e3dc836740d5.jpg?w=380&h=238&fm=jpg&auto=compress&fit=crop","price":"6.99","pricePer":"$1.66 / oz","purchaseUnit":"10 count"},{"mainCategory":"Snacks","categoryName":"Chocolate & Candy","subCategoryName":"Truffles & Confections","title":"Organic Superdark Chocolate Truffles","producer":"Alter Eco","photoPath":"https://goodeggs4.imgix.net/5869c4d3-94e4-4be8-9123-ee568af0c16a.jpg?w=380&h=238&fm=jpg&auto=compress&fit=crop","price":"6.99","pricePer":"$1.66 / oz","purchaseUnit":"10 count"},{"mainCategory":"Snacks","categoryName":"Chocolate & Candy","subCategoryName":"Truffles & Confections","title":"Single Origin Dark Chocolate Truffles","producer":"Feve Artisan Chocolatier","photoPath":"https://goodeggs4.imgix.net/b819934d-c90f-4174-ad5b-d73709a2cae4.jpg?w=380&h=238&fm=jpg&auto=compress&fit=crop","price":"19.99","pricePer":"$5.71 / oz","purchaseUnit":"9 count"},{"mainCategory":"Snacks","categoryName":"Chocolate & Candy","subCategoryName":"Truffles & Confections","title":"Chocolate Peppermint Thins","producer":"Recchiuti Confections","photoPath":"https://goodeggs4.imgix.net/e11decd9-dc70-46c1-8de5-2acf8eb7d64e.jpg?w=380&h=238&fm=jpg&auto=compress&fit=crop","price":"19.99","pricePer":"$5.71 / oz","purchaseUnit":"24 count"},{"mainCategory":"Snacks","categoryName":"Chocolate & Candy","subCategoryName":"Truffles & Confections","title":"Natural Truffle Collection","producer":"Feve Artisan Chocolatier","photoPath":"https://goodeggs4.imgix.net/9a63a5e1-1f51-40a5-a6d3-5cb35fec88ae.jpg?w=380&h=238&fm=jpg&auto=compress&fit=crop","price":"19.99","pricePer":"$5.71 / oz","purchaseUnit":"9 count"},{"mainCategory":"Snacks","categoryName":"Chocolate & Candy","subCategoryName":"Truffles & Confections","title":"Peanut Butter Pucks","producer":"Recchiuti Confections","photoPath":"https://goodeggs4.imgix.net/3683c375-68d7-4123-993d-0d3b672161c9.jpg?w=380&h=238&fm=jpg&auto=compress&fit=crop","price":"25.99","pricePer":"$5.52 / oz","purchaseUnit":"6 count"},{"mainCategory":"Snacks","categoryName":"Chocolate & Candy","subCategoryName":"Boxes & Gifts","title":"Organic Salted Caramel Flowers","producer":"Lake Champlain Chocolates","photoPath":"https://goodeggs4.imgix.net/9519ca5a-f4dd-49d2-9657-d338fb3530e4.jpg?w=380&h=238&fm=jpg&auto=compress&fit=crop","price":"6.99","pricePer":"$1.22 / oz","purchaseUnit":"14 count"},{"mainCategory":"Snacks","categoryName":"Chocolate & Candy","subCategoryName":"Boxes & Gifts","title":"Speculoos S'Mores Kit","producer":"Little Belgians","photoPath":"https://goodeggs4.imgix.net/ba6783f3-ac1c-4bad-ab78-63f5e87abd9a.jpg?w=380&h=238&fm=jpg&auto=compress&fit=crop","price":"19.99","pricePer":"$2.01 / oz","purchaseUnit":"6 count"},{"mainCategory":"Snacks","categoryName":"Chocolate & Candy","subCategoryName":"Boxes & Gifts","title":"Single Origin Dark Chocolate Truffles","producer":"Feve Artisan Chocolatier","photoPath":"https://goodeggs4.imgix.net/b819934d-c90f-4174-ad5b-d73709a2cae4.jpg?w=380&h=238&fm=jpg&auto=compress&fit=crop","price":"19.99","pricePer":"$5.71 / oz","purchaseUnit":"9 count"},{"mainCategory":"Snacks","categoryName":"Chocolate & Candy","subCategoryName":"Boxes & Gifts","title":"Chocolate Peppermint Thins","producer":"Recchiuti Confections","photoPath":"https://goodeggs4.imgix.net/e11decd9-dc70-46c1-8de5-2acf8eb7d64e.jpg?w=380&h=238&fm=jpg&auto=compress&fit=crop","price":"19.99","pricePer":"$5.71 / oz","purchaseUnit":"24 count"},{"mainCategory":"Snacks","categoryName":"Chocolate & Candy","subCategoryName":"Boxes & Gifts","title":"Natural Truffle Collection","producer":"Feve Artisan Chocolatier","photoPath":"https://goodeggs4.imgix.net/9a63a5e1-1f51-40a5-a6d3-5cb35fec88ae.jpg?w=380&h=238&fm=jpg&auto=compress&fit=crop","price":"19.99","pricePer":"$5.71 / oz","purchaseUnit":"9 count"},{"mainCategory":"Snacks","categoryName":"Chocolate & Candy","subCategoryName":"Boxes & Gifts","title":"Fleur de Sel Caramel Box","producer":"Recchiuti Confections","photoPath":"https://goodeggs4.imgix.net/c56898ba-eaf6-438e-a811-f640124450e1.jpg?w=380&h=238&fm=jpg&auto=compress&fit=crop","price":"24.99","pricePer":"$6.24 / oz","purchaseUnit":"16 count"},{"mainCategory":"Snacks","categoryName":"Chocolate & Candy","subCategoryName":"Boxes & Gifts","title":"Peanut Butter Pucks","producer":"Recchiuti Confections","photoPath":"https://goodeggs4.imgix.net/3683c375-68d7-4123-993d-0d3b672161c9.jpg?w=380&h=238&fm=jpg&auto=compress&fit=crop","price":"25.99","pricePer":"$5.52 / oz","purchaseUnit":"6 count"},{"mainCategory":"Snacks","categoryName":"Chocolate & Candy","subCategoryName":"Boxes & Gifts","title":"Toasted Almond Apple Cider Caramels","producer":"Little Apple Treats","photoPath":"https://goodeggs4.imgix.net/18ae42b8-7c55-11eb-a74a-432eca49252a?w=380&h=238&fm=jpg&auto=compress&fit=crop","price":"18.99","pricePer":"$3.79 / oz","purchaseUnit":"18 count"},{"mainCategory":"Snacks","categoryName":"Chocolate & Candy","subCategoryName":"Boxes & Gifts","title":"Brandy Walnut Apple Cider Caramels","producer":"Little Apple Treats","photoPath":"https://goodeggs4.imgix.net/18ae42bb-7c55-11eb-a74a-432eca49252a?w=380&h=238&fm=jpg&auto=compress&fit=crop","price":"18.99","pricePer":"$3.79 / oz","purchaseUnit":"18 count"},{"mainCategory":"Snacks","categoryName":"Chocolate & Candy","subCategoryName":"Specialty Chocolate Bars","title":"Zero Sugar 65% Salted Almond Dark Chocolate Bar","producer":"The Good Chocolate","photoPath":"https://goodeggs4.imgix.net/d085bbc2-0ea0-47a9-a3aa-0e965845db7c.jpg?w=380&h=238&fm=jpg&auto=compress&fit=crop","price":"5.99","pricePer":"$2.39 / oz","purchaseUnit":"2.5 oz"},{"mainCategory":"Snacks","categoryName":"Chocolate & Candy","subCategoryName":"Specialty Chocolate Bars","title":"Kokoa Kamili Tanzania 70% Dark Chocolate Bar","producer":"Dandelion Chocolate","photoPath":"https://goodeggs4.imgix.net/ed0167ff-ce55-4c72-b8e9-575586527a37.jpg?w=380&h=238&fm=jpg&auto=compress&fit=crop","price":"8.99","pricePer":"$4.49 / oz","purchaseUnit":"2 oz"},{"mainCategory":"Snacks","categoryName":"Chocolate & Candy","subCategoryName":"Specialty Chocolate Bars","title":"Black Fig 72% Dark Chocolate Bar","producer":"Dick Taylor Craft Chocolate","photoPath":"https://goodeggs4.imgix.net/ca5f4331-00ef-42bf-8473-2c9296b864be.jpg?w=380&h=238&fm=jpg&auto=compress&fit=crop","price":"8.49","pricePer":"$4.24 / oz","purchaseUnit":"2 oz"},{"mainCategory":"Snacks","categoryName":"Chocolate & Candy","subCategoryName":"Specialty Chocolate Bars","title":"Zero Sugar 65% Dark Chocolate Himalayan Sea Salt Bar","producer":"The Good Chocolate","photoPath":"https://goodeggs4.imgix.net/b669ebf7-d03a-4a5a-9c42-e77fe5cf6835.jpg?w=380&h=238&fm=jpg&auto=compress&fit=crop","price":"5.99","pricePer":"$2.39 / oz","purchaseUnit":"2.5 oz"},{"mainCategory":"Snacks","categoryName":"Chocolate & Candy","subCategoryName":"Specialty Chocolate Bars","title":"Zero Sugar 65% Mint Dark Chocolate Bar","producer":"The Good Chocolate","photoPath":"https://goodeggs4.imgix.net/bd695bdf-1251-4a45-87e5-4eb8058c5b92.jpg?w=380&h=238&fm=jpg&auto=compress&fit=crop","price":"5.99","pricePer":"$2.39 / oz","purchaseUnit":"2.5 oz"},{"mainCategory":"Snacks","categoryName":"Chocolate & Candy","subCategoryName":"Specialty Chocolate Bars","title":"Dark Milk Chocolate Bar","producer":"Recchiuti Confections","photoPath":"https://goodeggs4.imgix.net/70e6a1ce-3073-4bf8-9234-8664bd72f34f.jpg?w=380&h=238&fm=jpg&auto=compress&fit=crop","price":"8.99","pricePer":"$2.99 / oz","purchaseUnit":"3 oz"},{"mainCategory":"Snacks","categoryName":"Chocolate & Candy","subCategoryName":"Specialty Chocolate Bars","title":"Camino Verde Ecuador 100% Dark Chocolate Bar","producer":"Dandelion Chocolate","photoPath":"https://goodeggs4.imgix.net/d26a4f82-34bc-43e1-9197-4af6615e0084.jpg?w=380&h=238&fm=jpg&auto=compress&fit=crop","price":"11.99","pricePer":"$5.99 / oz","purchaseUnit":"2 oz"},{"mainCategory":"Snacks","categoryName":"Chocolate & Candy","subCategoryName":"Specialty Chocolate Bars","title":"Zero Sugar Signature 65% Dark Chocolate Bar","producer":"The Good Chocolate","photoPath":"https://goodeggs4.imgix.net/31f1d702-4823-4f7f-96e3-cce4e19cb27f.jpg?w=380&h=238&fm=jpg&auto=compress&fit=crop","price":"5.99","pricePer":"$2.39 / oz","purchaseUnit":"2.5 oz"},{"mainCategory":"Snacks","categoryName":"Chocolate & Candy","subCategoryName":"Specialty Chocolate Bars","title":"Turkish Coffee Chocolate Bar","producer":"Endorfin Foods","photoPath":"https://goodeggs4.imgix.net/1cdcfc8f-f619-4bf8-955e-5beff78b16d5.jpg?w=380&h=238&fm=jpg&auto=compress&fit=crop","price":"4.79","pricePer":"$3.42 / oz","purchaseUnit":"1.4 oz"},{"mainCategory":"Snacks","categoryName":"Chocolate & Candy","subCategoryName":"Specialty Chocolate Bars","title":"Caramelized Coconut Chocolate Bar","producer":"Endorfin Foods","photoPath":"https://goodeggs4.imgix.net/946bd64c-baf1-4daa-a406-509dc9ea4acf.jpg?w=380&h=238&fm=jpg&auto=compress&fit=crop","price":"4.79","pricePer":"$3.42 / oz","purchaseUnit":"1.4 oz"},{"mainCategory":"Snacks","categoryName":"Chocolate & Candy","subCategoryName":"Specialty Chocolate Bars","title":"White Chocolate Bar","producer":"Askinosie Chocolate","photoPath":"https://goodeggs4.imgix.net/000b3cef-45c1-40e4-b499-097868ecad25.jpg?w=380&h=238&fm=jpg&auto=compress&fit=crop","price":"8.99","pricePer":"$2.99 / oz","purchaseUnit":"3 oz"},{"mainCategory":"Snacks","categoryName":"Chocolate & Candy","subCategoryName":"Specialty Chocolate Bars","title":"Sea Salt Dark Chocolate Bar","producer":"Endorfin Foods","photoPath":"https://goodeggs4.imgix.net/28e7f2eb-4d78-4d1c-98f5-7aae89627811.jpg?w=380&h=238&fm=jpg&auto=compress&fit=crop","price":"4.79","pricePer":"$3.42 / oz","purchaseUnit":"1.4 oz"},{"mainCategory":"Snacks","categoryName":"Chocolate & Candy","subCategoryName":"Specialty Chocolate Bars","title":"Zamora, Amazonia 72% Dark Chocolate Bar","producer":"Askinosie Chocolate","photoPath":"https://goodeggs4.imgix.net/19da0bc7-b366-4348-90c1-d1a0ea89432b.jpg?w=380&h=238&fm=jpg&auto=compress&fit=crop","price":"8.99","pricePer":"$2.99 / oz","purchaseUnit":"3 oz"},{"mainCategory":"Snacks","categoryName":"Chocolate & Candy","subCategoryName":"Specialty Chocolate Bars","title":"62% Dark Milk Chocolate & Sea Salt Bar","producer":"Askinosie Chocolate","photoPath":"https://goodeggs4.imgix.net/d837e8ab-c348-4b26-a17c-7d38a6d5ab4e.jpg?w=380&h=238&fm=jpg&auto=compress&fit=crop","price":"8.99","pricePer":"$2.99 / oz","purchaseUnit":"3 oz"},{"mainCategory":"Snacks","categoryName":"Chocolate & Candy","subCategoryName":"Specialty Chocolate Bars","title":"Zero Sugar Mini Chocolate Bars","producer":"The Good Chocolate","photoPath":"https://goodeggs4.imgix.net/6deb9f33-c034-4e87-a37d-d7b593a6c666.jpg?w=380&h=238&fm=jpg&auto=compress&fit=crop","price":"27.99","pricePer":"$3.49 / oz","purchaseUnit":"18 count"},{"mainCategory":"Snacks","categoryName":"Chocolate & Candy","subCategoryName":"Specialty Chocolate Bars","title":"Zero Sugar 65% Ginger Dark Chocolate Bar","producer":"The Good Chocolate","photoPath":"https://goodeggs4.imgix.net/fa27294b-d5ea-4b5a-a154-916df3435f1b.jpg?w=380&h=238&fm=jpg&auto=compress&fit=crop","price":"5.99","pricePer":"$2.39 / oz","purchaseUnit":"2.5 oz"},{"mainCategory":"Snacks","categoryName":"Chocolate & Candy","subCategoryName":"Specialty Chocolate Bars","title":"Organic Classic Dark Chocolate Bar (81%)","producer":"Coracao Confections","photoPath":"https://goodeggs4.imgix.net/3c8b85b9-db1f-47e7-a2a7-90ac3d6d8346.jpg?w=380&h=238&fm=jpg&auto=compress&fit=crop","price":"6.99","pricePer":"$3.49 / oz","purchaseUnit":"2 oz"},{"mainCategory":"Snacks","categoryName":"Chocolate & Candy","subCategoryName":"Specialty Chocolate Bars","title":"Semisweet Chocolate Bar","producer":"Recchiuti Confections","photoPath":"https://goodeggs4.imgix.net/6e4ea96e-abd6-4eb5-a947-c054eb29c65d.jpg?w=380&h=238&fm=jpg&auto=compress&fit=crop","price":"8.99","pricePer":"$2.99 / oz","purchaseUnit":"3 oz"},{"mainCategory":"Snacks","categoryName":"Chocolate & Candy","subCategoryName":"Specialty Chocolate Bars","title":"Organic Almond Dark Chocolate Bar (81%)","producer":"Coracao Confections","photoPath":"https://goodeggs4.imgix.net/b2977121-bca4-4164-aafe-ae71521e2242.jpg?w=380&h=238&fm=jpg&auto=compress&fit=crop","price":"6.99","pricePer":"$3.49 / oz","purchaseUnit":"2 oz"},{"mainCategory":"Snacks","categoryName":"Chocolate & Candy","subCategoryName":"Specialty Chocolate Bars","title":"Dark Chocolate & Red Raspberry Bar","producer":"Askinosie Chocolate","photoPath":"https://goodeggs4.imgix.net/44ab5bf8-31da-421a-a240-0f37a09da3d8.jpg?w=380&h=238&fm=jpg&auto=compress&fit=crop","price":"8.99","pricePer":"$2.99 / oz","purchaseUnit":"3 oz"},{"mainCategory":"Snacks","categoryName":"Chocolate & Candy","subCategoryName":"Specialty Chocolate Bars","title":"Bittersweet Chocolate Bar","producer":"Recchiuti Confections","photoPath":"https://goodeggs4.imgix.net/6e2a0540-0bbf-4722-b363-32b822126cba.jpg?w=380&h=238&fm=jpg&auto=compress&fit=crop","price":"8.99","pricePer":"$2.99 / oz","purchaseUnit":"3 oz"},{"mainCategory":"Snacks","categoryName":"Chocolate & Candy","subCategoryName":"Caramels & Brittle","title":"Salted Hazelnut Dark Chocolate Caramels","producer":"Kika's Treats","photoPath":"https://goodeggs4.imgix.net/72252f8c-5322-488d-8aca-1b6fbe7dca86.jpg?w=380&h=238&fm=jpg&auto=compress&fit=crop","price":"4.99","pricePer":"$3.32 / oz","purchaseUnit":"3 count"},{"mainCategory":"Snacks","categoryName":"Chocolate & Candy","subCategoryName":"Caramels & Brittle","title":"Burnt Almond Brittle","producer":"Sweetdragon Baking Company","photoPath":"https://goodeggs4.imgix.net/bd984160-f2b9-4468-b5db-caa1f0bbd094.jpg?w=380&h=238&fm=jpg&auto=compress&fit=crop","price":"9.99","pricePer":"$1.99 / oz","purchaseUnit":"5 oz"},{"mainCategory":"Snacks","categoryName":"Chocolate & Candy","subCategoryName":"Caramels & Brittle","title":"Salted Crispy Rice Dark Chocolate Caramels","producer":"Kika's Treats","photoPath":"https://goodeggs4.imgix.net/95a229d0-4ade-4a85-ae2e-144ee839e209.jpg?w=380&h=238&fm=jpg&auto=compress&fit=crop","price":"4.99","pricePer":"$3.32 / oz","purchaseUnit":"3 count"},{"mainCategory":"Snacks","categoryName":"Chocolate & Candy","subCategoryName":"Caramels & Brittle","title":"Black Sesame Brittle","producer":"Sweetdragon Baking Company","photoPath":"https://goodeggs4.imgix.net/cedff4b4-ede5-4e66-bf50-85cb1d98e1e6.jpg?w=380&h=238&fm=jpg&auto=compress&fit=crop","price":"9.99","pricePer":"$1.99 / oz","purchaseUnit":"5 oz"},{"mainCategory":"Snacks","categoryName":"Chocolate & Candy","subCategoryName":"Caramels & Brittle","title":"Pistachio Vanilla Brittle","producer":"Sweetdragon Baking Company","photoPath":"https://goodeggs4.imgix.net/e6959a12-c7e9-465a-add4-8d1b2c7a0f0e.jpg?w=380&h=238&fm=jpg&auto=compress&fit=crop","price":"9.99","pricePer":"$1.99 / oz","purchaseUnit":"5 oz"},{"mainCategory":"Snacks","categoryName":"Chocolate & Candy","subCategoryName":"Caramels & Brittle","title":"Toasted Almond Apple Cider Caramels","producer":"Little Apple Treats","photoPath":"https://goodeggs4.imgix.net/18ae42b8-7c55-11eb-a74a-432eca49252a?w=380&h=238&fm=jpg&auto=compress&fit=crop","price":"18.99","pricePer":"$3.79 / oz","purchaseUnit":"18 count"},{"mainCategory":"Snacks","categoryName":"Chocolate & Candy","subCategoryName":"Caramels & Brittle","title":"Coconut Cashew Brittle","producer":"Sweetdragon Baking Company","photoPath":"https://goodeggs4.imgix.net/60798b80-7d0b-4687-9e20-dcf2af12b7f4.jpg?w=380&h=238&fm=jpg&auto=compress&fit=crop","price":"9.99","pricePer":"$1.99 / oz","purchaseUnit":"5 oz"},{"mainCategory":"Snacks","categoryName":"Chocolate & Candy","subCategoryName":"Caramels & Brittle","title":"Day at the Ballpark Brittle","producer":"Sweetdragon Baking Company","photoPath":"https://goodeggs4.imgix.net/be8ec3e5-842b-445a-8eb4-f6e9e5d93001.jpg?w=380&h=238&fm=jpg&auto=compress&fit=crop","price":"9.99","pricePer":"$1.99 / oz","purchaseUnit":"5 oz"},{"mainCategory":"Snacks","categoryName":"Chocolate & Candy","subCategoryName":"Caramels & Brittle","title":"Organic Banana Brittle","producer":"Urban Remedy","photoPath":"https://goodeggs4.imgix.net/ad006831-fe95-479b-ba2d-7e096529a099.jpg?w=380&h=238&fm=jpg&auto=compress&fit=crop","price":"8.99","pricePer":"$2.39 / oz","purchaseUnit":"3.75 oz"},{"mainCategory":"Snacks","categoryName":"Chocolate & Candy","subCategoryName":"Caramels & Brittle","title":"Red Rose & Cocoa Nib Apple Cider Caramels","producer":"Little Apple Treats","photoPath":"https://goodeggs4.imgix.net/909f41a2-ddd1-46fa-8075-3468085c078d.jpg?w=380&h=238&fm=jpg&auto=compress&fit=crop","price":"6.49","pricePer":"$3.24 / oz","purchaseUnit":"6 count"},{"mainCategory":"Snacks","categoryName":"Chocolate & Candy","subCategoryName":"Caramels & Brittle","title":"Red Rose & Cocoa Nib Apple Cider Caramels","producer":"Little Apple Treats","photoPath":"https://goodeggs4.imgix.net/18ae42b9-7c55-11eb-a74a-432eca49252a?w=380&h=238&fm=jpg&auto=compress&fit=crop","price":"18.99","pricePer":"$3.79 / oz","purchaseUnit":"18 count"},{"mainCategory":"Snacks","categoryName":"Chocolate & Candy","subCategoryName":"Caramels & Brittle","title":"Brandy Walnut Apple Cider Caramels","producer":"Little Apple Treats","photoPath":"https://goodeggs4.imgix.net/18ae42bb-7c55-11eb-a74a-432eca49252a?w=380&h=238&fm=jpg&auto=compress&fit=crop","price":"18.99","pricePer":"$3.79 / oz","purchaseUnit":"18 count"},{"mainCategory":"Snacks","categoryName":"Chocolate & Candy","subCategoryName":"Caramels & Brittle","title":"Coconut Brittle Bugitos","producer":"Don Bugito","photoPath":"https://goodeggs4.imgix.net/78f342bb-0a8f-4f55-9340-78c8e7906e64.jpg?w=380&h=238&fm=jpg&auto=compress&fit=crop","price":"5.99","pricePer":"$3.99 / oz","purchaseUnit":"1.5 oz"},{"mainCategory":"Snacks","categoryName":"Chocolate & Candy","subCategoryName":"Gum & Mints","title":"Peppermint Mints","producer":"Simply Gum","photoPath":"https://goodeggs4.imgix.net/c70ca9cf-7901-41e4-93a1-578761d4e0ea.jpg?w=380&h=238&fm=jpg&auto=compress&fit=crop","price":"2.99","pricePer":"$2.71 / oz","purchaseUnit":"30 count"},{"mainCategory":"Snacks","categoryName":"Chocolate & Candy","subCategoryName":"Gum & Mints","title":"Peppermint Gum","producer":"Simply Gum","photoPath":"https://goodeggs4.imgix.net/8c4cdc84-d4d0-4cab-ac23-b4052ca6b2f0.jpg?w=380&h=238&fm=jpg&auto=compress&fit=crop","price":"2.99","pricePer":null,"purchaseUnit":"15 count"},{"mainCategory":"Snacks","categoryName":"Chocolate & Candy","subCategoryName":"Gum & Mints","title":"Revive Gum","producer":"Simply Gum","photoPath":"https://goodeggs4.imgix.net/3328a7ba-c221-487f-8006-bd248cb77492.jpg?w=380&h=238&fm=jpg&auto=compress&fit=crop","price":"2.99","pricePer":null,"purchaseUnit":"15 count"},{"mainCategory":"Snacks","categoryName":"Chocolate & Candy","subCategoryName":"Gum & Mints","title":"Cleanse Gum","producer":"Simply Gum","photoPath":"https://goodeggs4.imgix.net/fd320e46-148f-4ca9-b41b-535505361806.jpg?w=380&h=238&fm=jpg&auto=compress&fit=crop","price":"2.99","pricePer":null,"purchaseUnit":"15 count"},{"mainCategory":"Snacks","categoryName":"Chocolate & Candy","subCategoryName":"Gum & Mints","title":"Ginger Gum","producer":"Simply Gum","photoPath":"https://goodeggs4.imgix.net/dd9c8331-8de9-4e00-b769-39c1b981d23f.jpg?w=380&h=238&fm=jpg&auto=compress&fit=crop","price":"2.99","pricePer":null,"purchaseUnit":"15 count"},{"mainCategory":"Snacks","categoryName":"Cookies","subCategoryName":"Sandwich Cookies","title":"Organic Grabbits Chocolate Sandwich Cookies","producer":"Annie's Homegrown","photoPath":"https://goodeggs4.imgix.net/78c95d09-1988-4467-8ba2-06bb85284944.jpg?w=380&h=238&fm=jpg&auto=compress&fit=crop","price":"4.99","pricePer":"$0.61 / oz","purchaseUnit":"20 count"},{"mainCategory":"Snacks","categoryName":"Cookies","subCategoryName":"Specialty Cookies","title":"Organic Honey Graham Crackers","producer":"Annie's Homegrown","photoPath":"https://goodeggs4.imgix.net/3f8dfcfe-6e4d-4ecd-a6e7-a2e1ecbdcca1.jpg?w=380&h=238&fm=jpg&auto=compress&fit=crop","price":"4.99","pricePer":"$0.35 / oz","purchaseUnit":"14.4 oz"},{"mainCategory":"Snacks","categoryName":"Cookies","subCategoryName":"Specialty Cookies","title":"Caramelized Grahams in Dark Chocolate","producer":"Kika's Treats","photoPath":"https://goodeggs4.imgix.net/8a87ab0f-e221-491e-a6ff-bb87e4f394c1.jpg?w=380&h=238&fm=jpg&auto=compress&fit=crop","price":"7.99","pricePer":"$1.77 / oz","purchaseUnit":"8 count"},{"mainCategory":"Snacks","categoryName":"Cookies","subCategoryName":"Specialty Cookies","title":"Salted Caramel Coco Rolls Wafers","producer":"Sun Tropics","photoPath":"https://goodeggs4.imgix.net/df405f95-5a18-48ff-b572-a29295f44e65.jpg?w=380&h=238&fm=jpg&auto=compress&fit=crop","price":"2.99","pricePer":"$0.74 / oz","purchaseUnit":"4 oz"},{"mainCategory":"Snacks","categoryName":"Cookies","subCategoryName":"Specialty Cookies","title":"Espresso Coco Rolls Wafers","producer":"Sun Tropics","photoPath":"https://goodeggs4.imgix.net/ceed9c95-57a7-42ff-b1bd-8c21b1048e2f.jpg?w=380&h=238&fm=jpg&auto=compress&fit=crop","price":"2.99","pricePer":"$0.74 / oz","purchaseUnit":"4 oz"},{"mainCategory":"Snacks","categoryName":"Cookies","subCategoryName":"Specialty Cookies","title":"Carrot Cardamom Crumble-Topped Cookies","producer":"Ounce Cookies","photoPath":"https://goodeggs4.imgix.net/0cf93f1c-c2df-46b5-bb7d-3051889b293c.jpg?w=380&h=238&fm=jpg&auto=compress&fit=crop","price":"5.99","pricePer":"$2.49 / oz","purchaseUnit":"2 count"},{"mainCategory":"Snacks","categoryName":"Cookies","subCategoryName":"Specialty Cookies","title":"Coconut, Lime & Macadamia Cookies","producer":"Ounce Cookies","photoPath":"https://goodeggs4.imgix.net/2ce47f05-20b2-43e4-a07e-753d3cbe96a5.jpg?w=380&h=238&fm=jpg&auto=compress&fit=crop","price":"5.99","pricePer":"$2.49 / oz","purchaseUnit":"2 count"},{"mainCategory":"Snacks","categoryName":"Cookies","subCategoryName":"Snack Cookies","title":"Organic Honey Graham Crackers","producer":"Annie's Homegrown","photoPath":"https://goodeggs4.imgix.net/3f8dfcfe-6e4d-4ecd-a6e7-a2e1ecbdcca1.jpg?w=380&h=238&fm=jpg&auto=compress&fit=crop","price":"4.99","pricePer":"$0.35 / oz","purchaseUnit":"14.4 oz"},{"mainCategory":"Snacks","categoryName":"Cookies","subCategoryName":"Snack Cookies","title":"Original Speculoos","producer":"Little Belgians","photoPath":"https://goodeggs4.imgix.net/3ac32fca-d5aa-4d06-87ee-390e8c7ad931.jpg?w=380&h=238&fm=jpg&auto=compress&fit=crop","price":"8.49","pricePer":"$1.76 / oz","purchaseUnit":"16 count"},{"mainCategory":"Snacks","categoryName":"Cookies","subCategoryName":"Snack Cookies","title":"Friends Mixed Bunny Grahams Snack Cookies","producer":"Annie's Homegrown","photoPath":"https://goodeggs4.imgix.net/4e574eb2-cd56-440d-b16c-f85d07af9b02.jpg?w=380&h=238&fm=jpg&auto=compress&fit=crop","price":"3.99","pricePer":"$0.57 / oz","purchaseUnit":"7 oz"},{"mainCategory":"Snacks","categoryName":"Cookies","subCategoryName":"Snack Cookies","title":"Honey Bunny Grahams Snack Cookies","producer":"Annie's Homegrown","photoPath":"https://goodeggs4.imgix.net/8f58244a-35f9-435d-a59b-e363f1ff3438.jpg?w=380&h=238&fm=jpg&auto=compress&fit=crop","price":"3.99","pricePer":"$0.53 / oz","purchaseUnit":"7.5 oz"},{"mainCategory":"Snacks","categoryName":"Cookies","subCategoryName":"Snack Cookies","title":"Dark Chocolate Apple Granola Cookies","producer":"Little Apple Treats","photoPath":"https://goodeggs4.imgix.net/87f9b9b5-bcb7-41e2-bce6-d5c0c90f9906.jpg?w=380&h=238&fm=jpg&auto=compress&fit=crop","price":"8.49","pricePer":"$1.41 / oz","purchaseUnit":"6 oz"},{"mainCategory":"Snacks","categoryName":"Cookies","subCategoryName":"Snack Cookies","title":"Chocolate Bunny Grahams Snack Cookies","producer":"Annie's Homegrown","photoPath":"https://goodeggs4.imgix.net/dae67cef-e6e0-4b8a-98e4-bfe0a9bd654a.jpg?w=380&h=238&fm=jpg&auto=compress&fit=crop","price":"3.99","pricePer":"$0.53 / oz","purchaseUnit":"7.5 oz"},{"mainCategory":"Snacks","categoryName":"Cookies","subCategoryName":"Snack Cookies","title":"Vanilla Speculoos","producer":"Little Belgians","photoPath":"https://goodeggs4.imgix.net/032804ad-5cb6-4e51-89f8-26eb3b3e59ff.jpg?w=380&h=238&fm=jpg&auto=compress&fit=crop","price":"8.49","pricePer":"$1.76 / oz","purchaseUnit":"16 count"},{"mainCategory":"Snacks","categoryName":"Cookies","subCategoryName":"Snack Cookies","title":"Vanilla Speculoos Snack Pack","producer":"Little Belgians","photoPath":"https://goodeggs4.imgix.net/49fd41fb-0033-43cd-90a2-8fe8595b2c83.jpg?w=380&h=238&fm=jpg&auto=compress&fit=crop","price":"2.49","pricePer":"$2.07 / oz","purchaseUnit":"4 count"},{"mainCategory":"Snacks","categoryName":"Cookies","subCategoryName":"Snack Cookies","title":"Salted Caramel Coco Rolls Wafers","producer":"Sun Tropics","photoPath":"https://goodeggs4.imgix.net/df405f95-5a18-48ff-b572-a29295f44e65.jpg?w=380&h=238&fm=jpg&auto=compress&fit=crop","price":"2.99","pricePer":"$0.74 / oz","purchaseUnit":"4 oz"},{"mainCategory":"Snacks","categoryName":"Cookies","subCategoryName":"Snack Cookies","title":"Original Speculoos Snack Pack","producer":"Little Belgians","photoPath":"https://goodeggs4.imgix.net/5efa4660-9f83-4d0f-af4a-65c16ad89911.jpg?w=380&h=238&fm=jpg&auto=compress&fit=crop","price":"2.69","pricePer":"$2.24 / oz","purchaseUnit":"4 count"},{"mainCategory":"Snacks","categoryName":"Cookies","subCategoryName":"Snack Cookies","title":"Espresso Coco Rolls Wafers","producer":"Sun Tropics","photoPath":"https://goodeggs4.imgix.net/ceed9c95-57a7-42ff-b1bd-8c21b1048e2f.jpg?w=380&h=238&fm=jpg&auto=compress&fit=crop","price":"2.99","pricePer":"$0.74 / oz","purchaseUnit":"4 oz"},{"mainCategory":"Snacks","categoryName":"Cookies","subCategoryName":"Snack Cookies","title":"Original Speculoos Gift Box","producer":"Little Belgians","photoPath":"https://goodeggs4.imgix.net/ef048d7e-c72c-4899-9a19-6fcfb1c9c6e7.jpg?w=380&h=238&fm=jpg&auto=compress&fit=crop","price":"19.99","pricePer":"$2.08 / oz","purchaseUnit":"32 count"},{"mainCategory":"Snacks","categoryName":"Cookies","subCategoryName":"Snack Cookies","title":"Vanilla Speculoos Gift Box","producer":"Little Belgians","photoPath":"https://goodeggs4.imgix.net/207b1582-6d1d-4153-8880-84d9b8f4f2d2.jpg?w=380&h=238&fm=jpg&auto=compress&fit=crop","price":"19.99","pricePer":"$2.08 / oz","purchaseUnit":"32 count"},{"mainCategory":"Snacks","categoryName":"Cookies","subCategoryName":"Snack Cookies","title":"Handmade Graham Crackers","producer":"Batter Bakery","photoPath":"https://goodeggs4.imgix.net/0d9b7efb-7641-44bb-9016-d3fcb747b215.jpg?w=380&h=238&fm=jpg&auto=compress&fit=crop","price":"9.99","pricePer":"$1.66 / oz","purchaseUnit":"6 oz"},{"mainCategory":"Snacks","categoryName":"Cookies","subCategoryName":"Snack Cookies","title":"Okara Chocolate Chip Cookies","producer":"Renewal Mill ","photoPath":"https://goodeggs4.imgix.net/5b91a22c-3e8e-4689-a16a-0e9c5cb4e255.jpg?w=380&h=238&fm=jpg&auto=compress&fit=crop","price":"3.99","pricePer":null,"purchaseUnit":"2 count"},{"mainCategory":"Snacks","categoryName":"Cookies","subCategoryName":"Snack Cookies","title":"Wheat-Free Graham Crackers","producer":"Mariposa Baking","photoPath":"https://goodeggs4.imgix.net/340e5238-ba49-499d-9a7c-9b6f867fd1a6.jpg?w=380&h=238&fm=jpg&auto=compress&fit=crop","price":"11.99","pricePer":null,"purchaseUnit":"16 count"},{"mainCategory":"Snacks","categoryName":"Cookies","subCategoryName":"Shortbreads & Biscuits","title":"Meyer Lemon Shortbread Cookies","producer":"Rustic Bakery","photoPath":"https://goodeggs4.imgix.net/2caa5ecc-f133-448a-a05c-e5ebec7bd1a7.jpg?w=380&h=238&fm=jpg&auto=compress&fit=crop","price":"3.99","pricePer":"$0.99 / oz","purchaseUnit":"4 oz"},{"mainCategory":"Snacks","categoryName":"Cookies","subCategoryName":"Shortbreads & Biscuits","title":"Vanilla Shortbread Cookies","producer":"Rustic Bakery","photoPath":"https://goodeggs4.imgix.net/69a32d30-6663-442c-bf4d-9e73b70ed13a.jpg?w=380&h=238&fm=jpg&auto=compress&fit=crop","price":"3.99","pricePer":"$0.99 / oz","purchaseUnit":"4 oz"},{"mainCategory":"Snacks","categoryName":"Cookies","subCategoryName":"Shortbreads & Biscuits","title":"Milk Chocolate & Caramel Cookie Squares","producer":"Michel et Augustin","photoPath":"https://goodeggs4.imgix.net/3f2bbf93-a6af-4d97-ae86-9a76e56a3f4e.jpg?w=380&h=238&fm=jpg&auto=compress&fit=crop","price":"4.99","pricePer":"$1.01 / oz","purchaseUnit":"15 count"},{"mainCategory":"Snacks","categoryName":"Cookies","subCategoryName":"Shortbreads & Biscuits","title":"Caramelized Grahams in Milk Chocolate","producer":"Kika's Treats","photoPath":"https://goodeggs4.imgix.net/51e8966c-a15f-4dcf-83d2-93f58b246d47.jpg?w=380&h=238&fm=jpg&auto=compress&fit=crop","price":"7.99","pricePer":"$1.77 / oz","purchaseUnit":"8 count"},{"mainCategory":"Snacks","categoryName":"Cookies","subCategoryName":"Shortbreads & Biscuits","title":"Chocolate Shortbread in Pure Dark Chocolate","producer":"Kika's Treats","photoPath":"https://goodeggs4.imgix.net/755a12c5-4023-491a-95d2-09fe57aadab7.jpg?w=380&h=238&fm=jpg&auto=compress&fit=crop","price":"7.99","pricePer":"$1.77 / oz","purchaseUnit":"8 count"},{"mainCategory":"Snacks","categoryName":"Cookies","subCategoryName":"Shortbreads & Biscuits","title":"Dark Chocolate Cookie Squares","producer":"Michel et Augustin","photoPath":"https://goodeggs4.imgix.net/6c2340b2-6b30-4b6a-83fb-5f4b68f9cd16.jpg?w=380&h=238&fm=jpg&auto=compress&fit=crop","price":"4.99","pricePer":"$1.13 / oz","purchaseUnit":"15 count"},{"mainCategory":"Snacks","categoryName":"Cookies","subCategoryName":"Shortbreads & Biscuits","title":"Chocolate Almond Biscotti","producer":"ENZO Olive Oil Company","photoPath":"https://goodeggs4.imgix.net/0b78437e-eaa6-412b-b159-0856027cdfe3.jpg?w=380&h=238&fm=jpg&auto=compress&fit=crop","price":"9.99","pricePer":null,"purchaseUnit":"8 oz"},{"mainCategory":"Snacks","categoryName":"Cookies","subCategoryName":"Shortbreads & Biscuits","title":"Espresso Shortbread in Dark Chocolate","producer":"Kika's Treats","photoPath":"https://goodeggs4.imgix.net/d71a4609-ed52-4278-91c1-00b712ee5765.jpg?w=380&h=238&fm=jpg&auto=compress&fit=crop","price":"7.99","pricePer":"$1.77 / oz","purchaseUnit":"4.5 oz"},{"mainCategory":"Snacks","categoryName":"Cookies","subCategoryName":"Shortbreads & Biscuits","title":"Coconut Shortbread in Milk Chocolate","producer":"Kika's Treats","photoPath":"https://goodeggs4.imgix.net/da245488-8d1a-4262-919c-92b526808ccd.jpg?w=380&h=238&fm=jpg&auto=compress&fit=crop","price":"7.99","pricePer":"$1.77 / oz","purchaseUnit":"4.5 oz"},{"mainCategory":"Snacks","categoryName":"Cookies","subCategoryName":"Shortbreads & Biscuits","title":"Pistachio Cranberry Biscotti","producer":"ENZO Olive Oil Company","photoPath":"https://goodeggs4.imgix.net/e4ef4e78-e0b5-408e-952a-804ce0e36755.jpg?w=380&h=238&fm=jpg&auto=compress&fit=crop","price":"9.99","pricePer":null,"purchaseUnit":"8 oz"},{"mainCategory":"Snacks","categoryName":"Cookies","subCategoryName":"Shortbreads & Biscuits","title":"Traditional Almond Biscotti","producer":"ENZO Olive Oil Company","photoPath":"https://goodeggs4.imgix.net/ed0e549f-aae4-460f-b212-7bfc5ac645e0.jpg?w=380&h=238&fm=jpg&auto=compress&fit=crop","price":"9.99","pricePer":null,"purchaseUnit":"8 oz"},{"mainCategory":"Snacks","categoryName":"Cookies","subCategoryName":"Shortbreads & Biscuits","title":"Milk Chocolate Hazelnut Cookie Squares","producer":"Michel et Augustin","photoPath":"https://goodeggs4.imgix.net/0c706f7d-c82c-43b3-8a2b-12d9490d1747.jpg?w=380&h=238&fm=jpg&auto=compress&fit=crop","price":"4.99","pricePer":"$1.13 / oz","purchaseUnit":"15 count"},{"mainCategory":"Snacks","categoryName":"Cookies","subCategoryName":"Shortbreads & Biscuits","title":"Coconut Shortbread in Dark Chocolate","producer":"Kika's Treats","photoPath":"https://goodeggs4.imgix.net/1fe493a5-5c0d-4c6e-89c6-cb777f45500d.jpg?w=380&h=238&fm=jpg&auto=compress&fit=crop","price":"7.99","pricePer":"$1.77 / oz","purchaseUnit":"4.5 oz"},{"mainCategory":"Snacks","categoryName":"Cookies","subCategoryName":"Shortbreads & Biscuits","title":"Dark Chocolate Cookie Squares","producer":"Michel et Augustin","photoPath":"https://goodeggs4.imgix.net/05833bd7-556c-4295-8b09-9dfc132a8aad.jpg?w=380&h=238&fm=jpg&auto=compress&fit=crop","price":"1.49","pricePer":"$1.39 / oz","purchaseUnit":"4 count"},{"mainCategory":"Snacks","categoryName":"Cookies","subCategoryName":"Shortbreads & Biscuits","title":"Black Sesame & Red Bean Thumbprint Cookies","producer":"Ounce Cookies","photoPath":"https://goodeggs4.imgix.net/157a96e8-5fa3-4700-804a-83843b692835.jpg?w=380&h=238&fm=jpg&auto=compress&fit=crop","price":"5.99","pricePer":"$2.49 / oz","purchaseUnit":"2 count"},{"mainCategory":"Snacks","categoryName":"Cookies","subCategoryName":"Shortbreads & Biscuits","title":"Mint & Dark Chocolate Chip Shortbread Cookies","producer":"Ounce Cookies","photoPath":"https://goodeggs4.imgix.net/79489b7b-a4ce-4ea5-897c-e4275d6b1abb.jpg?w=380&h=238&fm=jpg&auto=compress&fit=crop","price":"5.99","pricePer":"$2.49 / oz","purchaseUnit":"2 count"},{"mainCategory":"Snacks","categoryName":"Gluten-Free Cookies","subCategoryName":"Gluten-Free Cookies","title":"Gluten-Free Snickerdoodle Cookie","producer":"Sweet Sydney's","photoPath":"https://goodeggs4.imgix.net/9962b57a-3004-45af-9b1b-b90c78c3abbb.jpg?w=380&h=238&fm=jpg&auto=compress&fit=crop","price":"2.49","pricePer":"$1.38 / oz","purchaseUnit":"1 count"},{"mainCategory":"Snacks","categoryName":"Gluten-Free Cookies","subCategoryName":"Gluten-Free Cookies","title":"Gluten-Free Gingersnap Cookie","producer":"Sweet Sydney's","photoPath":"https://goodeggs4.imgix.net/18392ede-ef84-4bab-93ca-5564f034e16f.jpg?w=380&h=238&fm=jpg&auto=compress&fit=crop","price":"2.49","pricePer":"$1.38 / oz","purchaseUnit":"1 count"},{"mainCategory":"Snacks","categoryName":"Gluten-Free Cookies","subCategoryName":"Gluten-Free Cookies","title":"Gluten-Free Salted Caramel Toffee Cookie","producer":"Sweet Sydney's","photoPath":"https://goodeggs4.imgix.net/b18ddf1d-c4bf-4d47-8204-b22c599c69d4.jpg?w=380&h=238&fm=jpg&auto=compress&fit=crop","price":"2.49","pricePer":"$1.38 / oz","purchaseUnit":"1 count"},{"mainCategory":"Snacks","categoryName":"Gluten-Free Cookies","subCategoryName":"Gluten-Free Cookies","title":"Gluten-Free Chocolate Chunk Cookie","producer":"Sweet Sydney's","photoPath":"https://goodeggs4.imgix.net/582ae985-0802-4abf-b6a2-45abb0034f77.jpg?w=380&h=238&fm=jpg&auto=compress&fit=crop","price":"2.49","pricePer":"$1.38 / oz","purchaseUnit":"1 count"},{"mainCategory":"Snacks","categoryName":"Gluten-Free Cookies","subCategoryName":"Gluten-Free Cookies","title":"Soft Baked Chocolate Chip Cookies","producer":"Simple Mills","photoPath":"https://goodeggs4.imgix.net/7130b1e9-4aca-4db9-9c51-2d881abee249.jpg?w=380&h=238&fm=jpg&auto=compress&fit=crop","price":"5.99","pricePer":"$1.08 / oz","purchaseUnit":"5.5 oz"},{"mainCategory":"Snacks","categoryName":"Gluten-Free Cookies","subCategoryName":"Gluten-Free Cookies","title":"Crunchy Chocolate Chip Cookies","producer":"Simple Mills","photoPath":"https://goodeggs4.imgix.net/a30884f7-cf27-4877-9526-9edc215af97d.jpg?w=380&h=238&fm=jpg&auto=compress&fit=crop","price":"5.99","pricePer":"$1.08 / oz","purchaseUnit":"5.5 oz"},{"mainCategory":"Snacks","categoryName":"Gluten-Free Cookies","subCategoryName":"Gluten-Free Cookies","title":"Soft Baked Peanut Butter Cookies","producer":"Simple Mills","photoPath":"https://goodeggs4.imgix.net/ae6a076f-dd42-41a3-ae4f-0c0bae4de0ea.jpg?w=380&h=238&fm=jpg&auto=compress&fit=crop","price":"5.99","pricePer":"$0.88 / oz","purchaseUnit":"6.8 oz"},{"mainCategory":"Snacks","categoryName":"Gluten-Free Cookies","subCategoryName":"Gluten-Free Cookies","title":"Soft Baked Snickerdoodle Cookies","producer":"Simple Mills","photoPath":"https://goodeggs4.imgix.net/4410a62d-8d52-4ee5-b551-6381c6652918.jpg?w=380&h=238&fm=jpg&auto=compress&fit=crop","price":"5.99","pricePer":"$0.96 / oz","purchaseUnit":"6.2 oz"},{"mainCategory":"Snacks","categoryName":"Gluten-Free Cookies","subCategoryName":"Vegan Cookies","title":"Vegan & Gluten-Free Birthday Cake Cookies","producer":"Partake Foods","photoPath":"https://goodeggs4.imgix.net/00e13974-9032-4f80-881b-356837e92e36.jpg?w=380&h=238&fm=jpg&auto=compress&fit=crop","price":"5.99","pricePer":"$1.08 / oz","purchaseUnit":"5.5 oz"},{"mainCategory":"Snacks","categoryName":"Gluten-Free Cookies","subCategoryName":"Vegan Cookies","title":"Vegan & Gluten-Free Double Chocolate Chip Cookies","producer":"Partake Foods","photoPath":"https://goodeggs4.imgix.net/b4156a74-4605-40e3-9340-323ed4772597.jpg?w=380&h=238&fm=jpg&auto=compress&fit=crop","price":"5.99","pricePer":"$1.08 / oz","purchaseUnit":"5.5 oz"},{"mainCategory":"Snacks","categoryName":"Gluten-Free Cookies","subCategoryName":"Vegan Cookies","title":"Gluten-Free Cinnamon Oatmeal Raisin Cookies","producer":"Maxine's Heavenly Cookies","photoPath":"https://goodeggs4.imgix.net/89a55bef-fe09-4f8a-96ab-b036a65287bb.jpg?w=380&h=238&fm=jpg&auto=compress&fit=crop","price":"6.99","pricePer":"$0.97 / oz","purchaseUnit":"7.2 oz"},{"mainCategory":"Snacks","categoryName":"Gluten-Free Cookies","subCategoryName":"Vegan Cookies","title":"Vegan & Gluten-Free Gingersnap Cookies","producer":"Partake Foods","photoPath":"https://goodeggs4.imgix.net/33e960ff-8b77-4e85-92e5-7d484ba94e73.jpg?w=380&h=238&fm=jpg&auto=compress&fit=crop","price":"5.99","pricePer":"$1.08 / oz","purchaseUnit":"5.5 oz"},{"mainCategory":"Snacks","categoryName":"Gluten-Free Cookies","subCategoryName":"Vegan Cookies","title":"Gluten-Free Peanut Butter Chocolate Chunk Cookies","producer":"Maxine's Heavenly Cookies","photoPath":"https://goodeggs4.imgix.net/8e82841f-d760-4678-8d79-330a44c4ef93.jpg?w=380&h=238&fm=jpg&auto=compress&fit=crop","price":"6.99","pricePer":"$0.97 / oz","purchaseUnit":"7.2 oz"},{"mainCategory":"Snacks","categoryName":"Gluten-Free Cookies","subCategoryName":"Vegan Cookies","title":"Vegan & Gluten-Free Chocolate Chip Cookies","producer":"Partake Foods","photoPath":"https://goodeggs4.imgix.net/4998425f-4fee-4173-ba54-77b60dfcbb36.jpg?w=380&h=238&fm=jpg&auto=compress&fit=crop","price":"5.99","pricePer":"$1.08 / oz","purchaseUnit":"5.5 oz"},{"mainCategory":"Snacks","categoryName":"Gluten-Free Cookies","subCategoryName":"Vegan Cookies","title":"Vegan & Gluten-Free Carrot Cake Cookies","producer":"Partake Foods","photoPath":"https://goodeggs4.imgix.net/632b1e3c-0b7a-4f72-8823-289f2b59ef76.jpg?w=380&h=238&fm=jpg&auto=compress&fit=crop","price":"5.99","pricePer":"$1.08 / oz","purchaseUnit":"5.5 oz"},{"mainCategory":"Snacks","categoryName":"Gluten-Free Cookies","subCategoryName":"Vegan Cookies","title":"Gluten-Free Chocolate Chocolate Chunk Cookies","producer":"Maxine's Heavenly Cookies","photoPath":"https://goodeggs4.imgix.net/ab99ef92-5d2a-4a3f-9943-86d45a932e77.jpg?w=380&h=238&fm=jpg&auto=compress&fit=crop","price":"6.99","pricePer":"$0.97 / oz","purchaseUnit":"7.2 oz"},{"mainCategory":"Snacks","categoryName":"Gluten-Free Cookies","subCategoryName":"Vegan Cookies","title":"Gluten-Free Almond Chocolate Chunk Cookies","producer":"Maxine's Heavenly Cookies","photoPath":"https://goodeggs4.imgix.net/503f43a7-c73d-4c95-a289-3217d916f6bd.jpg?w=380&h=238&fm=jpg&auto=compress&fit=crop","price":"6.99","pricePer":"$0.97 / oz","purchaseUnit":"7.2 oz"},{"mainCategory":"Snacks","categoryName":"Gluten-Free Cookies","subCategoryName":"Paleo Cookies","title":"Wheat-Free Paleo Double Chocolate Chip Cookie","producer":"Boulder Bake","photoPath":"https://goodeggs4.imgix.net/d8f90ee0-e188-4b47-b720-8e055e591b92.jpg?w=380&h=238&fm=jpg&auto=compress&fit=crop","price":"2.69","pricePer":"$1.49 / oz","purchaseUnit":"1 count"},{"mainCategory":"Snacks","categoryName":"Gluten-Free Cookies","subCategoryName":"Paleo Cookies","title":"Wheat-Free Paleo Chocolate Chip Cookie","producer":"Boulder Bake","photoPath":"https://goodeggs4.imgix.net/9d28a2f0-ca36-4403-9753-f0091eb0bcc1.jpg?w=380&h=238&fm=jpg&auto=compress&fit=crop","price":"2.69","pricePer":"$1.49 / oz","purchaseUnit":"1 count"}]