<!DOCTYPE html>
<!-- saved from url=(0042)https://www.goodeggs.com/sfbay/health-home -->
<html lang="en" class=" no-touch all-js"><!--<![endif]--><head><meta http-equiv="Content-Type" content="text/html; charset=UTF-8"><meta name="viewport" content="width=device-width, initial-scale=1.0"><meta name="format-detection" content="telephone=no"><meta name="google-site-verification" content="v8nF_WALC9bIns_O_pNspib-PlFAIKyik6I100Tfv7o"><meta name="msvalidate.01" content="AA8A76E7B0AEDB8DD13591698FCA2E72"><link rel="icon" type="image/x-icon" href="https://goodeggs-1.a.ssl.fastly.net/favicon.107dc294.ico"><link rel="apple-touch-icon" href="https://goodeggs-2.a.ssl.fastly.net/apple-touch-icon-precomposed.4b430dbb.png"><link rel="apple-touch-icon" sizes="120x120" href="https://goodeggs-2.a.ssl.fastly.net/apple-touch-icon-120x120-precomposed.4fe1e463.png"><link rel="apple-touch-icon" sizes="152x152" href="https://goodeggs-2.a.ssl.fastly.net/apple-touch-icon-152x152-precomposed.27fe49aa.png"><link rel="apple-touch-icon" sizes="180x180" href="https://goodeggs-2.a.ssl.fastly.net/apple-touch-icon-180x180-precomposed.8c517a79.png"><script type="text/javascript" async="" src="./Health &amp; Home _ SF Bay _ Good Eggs_files/analytics.min.js"></script><script src="./Health &amp; Home _ SF Bay _ Good Eggs_files/sdk.js" async="" crossorigin="anonymous"></script><script async="" src="./Health &amp; Home _ SF Bay _ Good Eggs_files/lp.js"></script><script crossorigin="" src="./Health &amp; Home _ SF Bay _ Good Eggs_files/rollbar.min.js" async=""></script><script>var _rollbarConfig = {
  enabled: !(window.attachEvent && !window.addEventListener), // IE8 and earlier sends all kinds of errors
  checkIgnore: (function rollbarCheckIgnore(isUncaught, args, payload) {
  // ignore errors from non-ES5 browsers
  var parseIntIgnoresLeadingZeros = function () {
    return parseInt('010', 10) === 10;
  }();

  var strictMode = function () {
    return !this;
  }();

  var DateISOString = function () {
    return Boolean(Date && Date.prototype && Date.prototype.toISOString);
  }();

  if (!(parseIntIgnoresLeadingZeros && strictMode && DateISOString)) {
    return true;
  }

  var ignoredMessages = [/^Out of memory$/i, 'Access is denied.', /^SecurityError:? \(?DOM Exception 18\)?/, // Safari cookies disabled
  'InvalidStateError (DOM Exception 11): The object is in an invalid state.', /no message.*nsresult.*segment/, // Ad-block breaking xhr implementation in firefox - https://adblockplus.org/forum/viewtopic.php?t=18930
  "undefined is not an object (evaluating '__gCrWeb.autofill.extractForms')", // https://bugs.chromium.org/p/chromium/issues/detail?id=590375&can=1&q=extractForms&colspec=ID%20Pri%20M%20Stars%20ReleaseBlock%20Component%20Status%20Owner%20Summary%20OS%20Modified
  "null is not an object (evaluating '__gCrWeb.form.wasEditedByUser.set')"];
  var ignoredFrame0Filenames = [/^http:\/\/localhost/, // plugin errors frequently seem to come from localhost
  '<anonymous>', '(unknown)', 'undefined'];
  var ignoredFrame0Methods = [/^global code$/, // plugins/dev console on some browsers
  '[anonymous]']; // weird errors from google bots

  if (/AdsBot-Google/.test(window && window.navigator && window.navigator.userAgent)) {
    return true;
  }

  var trace = payload && payload.body && payload.body.trace;
  var message = trace && trace.exception && trace.exception.message;
  var frame0 = trace && trace.frames && trace.frames[0];
  var frame0Filename = frame0 && frame0.filename;
  var frame0Method = frame0 && frame0.method;
  var i, pattern;

  for (i = 0; i < ignoredMessages.length; i++) {
    pattern = ignoredMessages[i];

    if (typeof pattern.test === 'function' ? pattern.test(message) : pattern === message) {
      return true;
    }
  } // don't ignore frames that appears to come from goodeggs scripts/pages


  if (/(hueovosbuenos|goodeggs)/.test(frame0Filename)) {
    return false;
  }

  for (i = 0; i < ignoredFrame0Filenames.length; i++) {
    pattern = ignoredFrame0Filenames[i];

    if (typeof pattern.test === 'function' ? pattern.test(frame0Filename) : pattern === frame0Filename) {
      return true;
    }
  }

  for (i = 0; i < ignoredFrame0Methods.length; i++) {
    pattern = ignoredFrame0Methods[i];

    if (typeof pattern.test === 'function' ? pattern.test(frame0Method) : pattern === frame0Method) {
      return true;
    }
  }

  return false;
}),
  transform: (function rollbarTransform(payload) {
  var trace = payload && payload.body && payload.body.trace;
  var message = trace && trace.exception && trace.exception.message;
  var frames = trace && trace.frames || [];

  if (message && frames.length === 0) {
    payload.fingerprint = message;
  }
}),
  accessToken: "26fb8c37f0a44436a499cb339791b699",
  captureUncaught: true,
  payload: {
    environment: "production",
    client: {
      javascript: {
        source_map_enabled: true,
        code_version: "b6d869c5d63dd9805910db7adb46f843833b7bfd",
        guess_uncaught_frames: true
      }
    }
  }
};

!function(r){function o(n){if(e[n])return e[n].exports;var t=e[n]={exports:{},id:n,loaded:!1};return r[n].call(t.exports,t,t.exports,o),t.loaded=!0,t.exports}var e={};return o.m=r,o.c=e,o.p="",o(0)}([function(r,o,e){"use strict";var n=e(1),t=e(4);_rollbarConfig=_rollbarConfig||{},_rollbarConfig.rollbarJsUrl=_rollbarConfig.rollbarJsUrl||"https://cdnjs.cloudflare.com/ajax/libs/rollbar.js/2.3.3/rollbar.min.js",_rollbarConfig.async=void 0===_rollbarConfig.async||_rollbarConfig.async;var a=n.setupShim(window,_rollbarConfig),l=t(_rollbarConfig);window.rollbar=n.Rollbar,a.loadFull(window,document,!_rollbarConfig.async,_rollbarConfig,l)},function(r,o,e){"use strict";function n(r){return function(){try{return r.apply(this,arguments)}catch(r){try{console.error("[Rollbar]: Internal error",r)}catch(r){}}}}function t(r,o){this.options=r,this._rollbarOldOnError=null;var e=s++;this.shimId=function(){return e},window&&window._rollbarShims&&(window._rollbarShims[e]={handler:o,messages:[]})}function a(r,o){var e=o.globalAlias||"Rollbar";if("object"==typeof r[e])return r[e];r._rollbarShims={},r._rollbarWrappedError=null;var t=new p(o);return n(function(){o.captureUncaught&&(t._rollbarOldOnError=r.onerror,i.captureUncaughtExceptions(r,t,!0),i.wrapGlobals(r,t,!0)),o.captureUnhandledRejections&&i.captureUnhandledRejections(r,t,!0);var n=o.autoInstrument;return o.enabled!==!1&&(void 0===n||n===!0||"object"==typeof n&&n.network)&&r.addEventListener&&(r.addEventListener("load",t.captureLoad.bind(t)),r.addEventListener("DOMContentLoaded",t.captureDomContentLoaded.bind(t))),r[e]=t,t})()}function l(r){return n(function(){var o=this,e=Array.prototype.slice.call(arguments,0),n={shim:o,method:r,args:e,ts:new Date};window._rollbarShims[this.shimId()].messages.push(n)})}var i=e(2),s=0,d=e(3),c=function(r,o){return new t(r,o)},p=d.bind(null,c);t.prototype.loadFull=function(r,o,e,t,a){var l=function(){var o;if(void 0===r._rollbarDidLoad){o=new Error("rollbar.js did not load");for(var e,n,t,l,i=0;e=r._rollbarShims[i++];)for(e=e.messages||[];n=e.shift();)for(t=n.args||[],i=0;i<t.length;++i)if(l=t[i],"function"==typeof l){l(o);break}}"function"==typeof a&&a(o)},i=!1,s=o.createElement("script"),d=o.getElementsByTagName("script")[0],c=d.parentNode;s.crossOrigin="",s.src=t.rollbarJsUrl,e||(s.async=!0),s.onload=s.onreadystatechange=n(function(){if(!(i||this.readyState&&"loaded"!==this.readyState&&"complete"!==this.readyState)){s.onload=s.onreadystatechange=null;try{c.removeChild(s)}catch(r){}i=!0,l()}}),c.insertBefore(s,d)},t.prototype.wrap=function(r,o,e){try{var n;if(n="function"==typeof o?o:function(){return o||{}},"function"!=typeof r)return r;if(r._isWrap)return r;if(!r._rollbar_wrapped&&(r._rollbar_wrapped=function(){e&&"function"==typeof e&&e.apply(this,arguments);try{return r.apply(this,arguments)}catch(e){var o=e;throw"string"==typeof o&&(o=new String(o)),o._rollbarContext=n()||{},o._rollbarContext._wrappedSource=r.toString(),window._rollbarWrappedError=o,o}},r._rollbar_wrapped._isWrap=!0,r.hasOwnProperty))for(var t in r)r.hasOwnProperty(t)&&(r._rollbar_wrapped[t]=r[t]);return r._rollbar_wrapped}catch(o){return r}};for(var u="log,debug,info,warn,warning,error,critical,global,configure,handleUncaughtException,handleUnhandledRejection,captureEvent,captureDomContentLoaded,captureLoad".split(","),f=0;f<u.length;++f)t.prototype[u[f]]=l(u[f]);r.exports={setupShim:a,Rollbar:p}},function(r,o){"use strict";function e(r,o,e){if(r){var t;"function"==typeof o._rollbarOldOnError?t=o._rollbarOldOnError:r.onerror&&!r.onerror.belongsToShim&&(t=r.onerror,o._rollbarOldOnError=t);var a=function(){var e=Array.prototype.slice.call(arguments,0);n(r,o,t,e)};a.belongsToShim=e,r.onerror=a}}function n(r,o,e,n){r._rollbarWrappedError&&(n[4]||(n[4]=r._rollbarWrappedError),n[5]||(n[5]=r._rollbarWrappedError._rollbarContext),r._rollbarWrappedError=null),o.handleUncaughtException.apply(o,n),e&&e.apply(r,n)}function t(r,o,e){if(r){"function"==typeof r._rollbarURH&&r._rollbarURH.belongsToShim&&r.removeEventListener("unhandledrejection",r._rollbarURH);var n=function(r){var e,n,t;try{e=r.reason}catch(r){e=void 0}try{n=r.promise}catch(r){n="[unhandledrejection] error getting `promise` from event"}try{t=r.detail,!e&&t&&(e=t.reason,n=t.promise)}catch(r){t="[unhandledrejection] error getting `detail` from event"}e||(e="[unhandledrejection] error getting `reason` from event"),o&&o.handleUnhandledRejection&&o.handleUnhandledRejection(e,n)};n.belongsToShim=e,r._rollbarURH=n,r.addEventListener("unhandledrejection",n)}}function a(r,o,e){if(r){var n,t,a="EventTarget,Window,Node,ApplicationCache,AudioTrackList,ChannelMergerNode,CryptoOperation,EventSource,FileReader,HTMLUnknownElement,IDBDatabase,IDBRequest,IDBTransaction,KeyOperation,MediaController,MessagePort,ModalWindow,Notification,SVGElementInstance,Screen,TextTrack,TextTrackCue,TextTrackList,WebSocket,WebSocketWorker,Worker,XMLHttpRequest,XMLHttpRequestEventTarget,XMLHttpRequestUpload".split(",");for(n=0;n<a.length;++n)t=a[n],r[t]&&r[t].prototype&&l(o,r[t].prototype,e)}}function l(r,o,e){if(o.hasOwnProperty&&o.hasOwnProperty("addEventListener")){for(var n=o.addEventListener;n._rollbarOldAdd&&n.belongsToShim;)n=n._rollbarOldAdd;var t=function(o,e,t){n.call(this,o,r.wrap(e),t)};t._rollbarOldAdd=n,t.belongsToShim=e,o.addEventListener=t;for(var a=o.removeEventListener;a._rollbarOldRemove&&a.belongsToShim;)a=a._rollbarOldRemove;var l=function(r,o,e){a.call(this,r,o&&o._rollbar_wrapped||o,e)};l._rollbarOldRemove=a,l.belongsToShim=e,o.removeEventListener=l}}r.exports={captureUncaughtExceptions:e,captureUnhandledRejections:t,wrapGlobals:a}},function(r,o){"use strict";function e(r,o){this.impl=r(o,this),this.options=o,n(e.prototype)}function n(r){for(var o=function(r){return function(){var o=Array.prototype.slice.call(arguments,0);if(this.impl[r])return this.impl[r].apply(this.impl,o)}},e="log,debug,info,warn,warning,error,critical,global,configure,handleUncaughtException,handleUnhandledRejection,_createItem,wrap,loadFull,shimId,captureEvent,captureDomContentLoaded,captureLoad".split(","),n=0;n<e.length;n++)r[e[n]]=o(e[n])}e.prototype._swapAndProcessMessages=function(r,o){this.impl=r(this.options);for(var e,n,t;e=o.shift();)n=e.method,t=e.args,this[n]&&"function"==typeof this[n]&&("captureDomContentLoaded"===n||"captureLoad"===n?this[n].apply(this,[t[0],e.ts]):this[n].apply(this,t));return this},r.exports=e},function(r,o){"use strict";r.exports=function(r){return function(o){if(!o&&!window._rollbarInitialized){r=r||{};for(var e,n,t=r.globalAlias||"Rollbar",a=window.rollbar,l=function(r){return new a(r)},i=0;e=window._rollbarShims[i++];)n||(n=e.handler),e.handler._swapAndProcessMessages(l,e.messages);window[t]=n,window._rollbarInitialized=!0}}}}]);</script><title>Health &amp; Home | SF Bay | Good Eggs</title><meta data-rh="true" name="google-signin-client_id" content="407164768904-vnp7talir4vgihtqrlgqoc90f607lgi0.apps.googleusercontent.com"><script data-reactroot="">;(function(p,l,o,w,i,n,g){if(!p[i]){p.GlobalSnowplowNamespace=p.GlobalSnowplowNamespace||[];
    p.GlobalSnowplowNamespace.push(i);p[i]=function(){(p[i].q=p[i].q||[]).push(arguments)
    };p[i].q=p[i].q||[];n=l.createElement(o);g=l.getElementsByTagName(o)[0];n.async=1;
    n.src=w;g.parentNode.insertBefore(n,g)}}(window,document,"script","//d18p8z0ptb8qab.cloudfront.net/lp.js","letterpress"));

    window.letterpress('newTracker', 'mycljcoll', 't.getletterpress.com', {
      appId: 'izvgatgc',
      discoverRootDomain: true,
      forceSecureTracker: true,
      contexts: {
        webPage: true,
        performanceTiming: true,
        gaCookies: true,
        geolocation: false
      }
    });

      window.letterpress('trackPageView');
    </script><script data-rh="true" src="./Health &amp; Home _ SF Bay _ Good Eggs_files/sdk(1).js"></script><link rel="stylesheet" href="./Health &amp; Home _ SF Bay _ Good Eggs_files/index.0a19b2c8.css"><link rel="stylesheet" href="./Health &amp; Home _ SF Bay _ Good Eggs_files/fonts.8c28b401.css"><script src="./Health &amp; Home _ SF Bay _ Good Eggs_files/platform.js" data-rh="true" gapi_processed="true"></script><style type="text/css" data-fbcssmodules="css:fb.css.base css:fb.css.dialog css:fb.css.iframewidget css:fb.css.customer_chat_plugin_iframe">.fb_hidden{position:absolute;top:-10000px;z-index:10001}.fb_reposition{overflow:hidden;position:relative}.fb_invisible{display:none}.fb_reset{background:none;border:0;border-spacing:0;color:#000;cursor:auto;direction:ltr;font-family:"lucida grande", tahoma, verdana, arial, sans-serif;font-size:11px;font-style:normal;font-variant:normal;font-weight:normal;letter-spacing:normal;line-height:1;margin:0;overflow:visible;padding:0;text-align:left;text-decoration:none;text-indent:0;text-shadow:none;text-transform:none;visibility:visible;white-space:normal;word-spacing:normal}.fb_reset>div{overflow:hidden}@keyframes fb_transform{from{opacity:0;transform:scale(.95)}to{opacity:1;transform:scale(1)}}.fb_animate{animation:fb_transform .3s forwards}
.fb_dialog{background:rgba(82, 82, 82, .7);position:absolute;top:-10000px;z-index:10001}.fb_dialog_advanced{border-radius:8px;padding:10px}.fb_dialog_content{background:#fff;color:#373737}.fb_dialog_close_icon{background:url(https://static.xx.fbcdn.net/rsrc.php/v3/yq/r/IE9JII6Z1Ys.png) no-repeat scroll 0 0 transparent;cursor:pointer;display:block;height:15px;position:absolute;right:18px;top:17px;width:15px}.fb_dialog_mobile .fb_dialog_close_icon{left:5px;right:auto;top:5px}.fb_dialog_padding{background-color:transparent;position:absolute;width:1px;z-index:-1}.fb_dialog_close_icon:hover{background:url(https://static.xx.fbcdn.net/rsrc.php/v3/yq/r/IE9JII6Z1Ys.png) no-repeat scroll 0 -15px transparent}.fb_dialog_close_icon:active{background:url(https://static.xx.fbcdn.net/rsrc.php/v3/yq/r/IE9JII6Z1Ys.png) no-repeat scroll 0 -30px transparent}.fb_dialog_iframe{line-height:0}.fb_dialog_content .dialog_title{background:#6d84b4;border:1px solid #365899;color:#fff;font-size:14px;font-weight:bold;margin:0}.fb_dialog_content .dialog_title>span{background:url(https://static.xx.fbcdn.net/rsrc.php/v3/yd/r/Cou7n-nqK52.gif) no-repeat 5px 50%;float:left;padding:5px 0 7px 26px}body.fb_hidden{height:100%;left:0;margin:0;overflow:visible;position:absolute;top:-10000px;transform:none;width:100%}.fb_dialog.fb_dialog_mobile.loading{background:url(https://static.xx.fbcdn.net/rsrc.php/v3/ya/r/3rhSv5V8j3o.gif) white no-repeat 50% 50%;min-height:100%;min-width:100%;overflow:hidden;position:absolute;top:0;z-index:10001}.fb_dialog.fb_dialog_mobile.loading.centered{background:none;height:auto;min-height:initial;min-width:initial;width:auto}.fb_dialog.fb_dialog_mobile.loading.centered #fb_dialog_loader_spinner{width:100%}.fb_dialog.fb_dialog_mobile.loading.centered .fb_dialog_content{background:none}.loading.centered #fb_dialog_loader_close{clear:both;color:#fff;display:block;font-size:18px;padding-top:20px}#fb-root #fb_dialog_ipad_overlay{background:rgba(0, 0, 0, .4);bottom:0;left:0;min-height:100%;position:absolute;right:0;top:0;width:100%;z-index:10000}#fb-root #fb_dialog_ipad_overlay.hidden{display:none}.fb_dialog.fb_dialog_mobile.loading iframe{visibility:hidden}.fb_dialog_mobile .fb_dialog_iframe{position:sticky;top:0}.fb_dialog_content .dialog_header{background:linear-gradient(from(#738aba), to(#2c4987));border-bottom:1px solid;border-color:#043b87;box-shadow:white 0 1px 1px -1px inset;color:#fff;font:bold 14px Helvetica, sans-serif;text-overflow:ellipsis;text-shadow:rgba(0, 30, 84, .296875) 0 -1px 0;vertical-align:middle;white-space:nowrap}.fb_dialog_content .dialog_header table{height:43px;width:100%}.fb_dialog_content .dialog_header td.header_left{font-size:12px;padding-left:5px;vertical-align:middle;width:60px}.fb_dialog_content .dialog_header td.header_right{font-size:12px;padding-right:5px;vertical-align:middle;width:60px}.fb_dialog_content .touchable_button{background:linear-gradient(from(#4267B2), to(#2a4887));background-clip:padding-box;border:1px solid #29487d;border-radius:3px;display:inline-block;line-height:18px;margin-top:3px;max-width:85px;padding:4px 12px;position:relative}.fb_dialog_content .dialog_header .touchable_button input{background:none;border:none;color:#fff;font:bold 12px Helvetica, sans-serif;margin:2px -12px;padding:2px 6px 3px 6px;text-shadow:rgba(0, 30, 84, .296875) 0 -1px 0}.fb_dialog_content .dialog_header .header_center{color:#fff;font-size:16px;font-weight:bold;line-height:18px;text-align:center;vertical-align:middle}.fb_dialog_content .dialog_content{background:url(https://static.xx.fbcdn.net/rsrc.php/v3/y9/r/jKEcVPZFk-2.gif) no-repeat 50% 50%;border:1px solid #4a4a4a;border-bottom:0;border-top:0;height:150px}.fb_dialog_content .dialog_footer{background:#f5f6f7;border:1px solid #4a4a4a;border-top-color:#ccc;height:40px}#fb_dialog_loader_close{float:left}.fb_dialog.fb_dialog_mobile .fb_dialog_close_icon{visibility:hidden}#fb_dialog_loader_spinner{animation:rotateSpinner 1.2s linear infinite;background-color:transparent;background-image:url(https://static.xx.fbcdn.net/rsrc.php/v3/yD/r/t-wz8gw1xG1.png);background-position:50% 50%;background-repeat:no-repeat;height:24px;width:24px}@keyframes rotateSpinner{0%{transform:rotate(0deg)}100%{transform:rotate(360deg)}}
.fb_iframe_widget{display:inline-block;position:relative}.fb_iframe_widget span{display:inline-block;position:relative;text-align:justify}.fb_iframe_widget iframe{position:absolute}.fb_iframe_widget_fluid_desktop,.fb_iframe_widget_fluid_desktop span,.fb_iframe_widget_fluid_desktop iframe{max-width:100%}.fb_iframe_widget_fluid_desktop iframe{min-width:220px;position:relative}.fb_iframe_widget_lift{z-index:1}.fb_iframe_widget_fluid{display:inline}.fb_iframe_widget_fluid span{width:100%}
.fb_mpn_mobile_landing_page_slide_out{animation-duration:200ms;animation-name:fb_mpn_landing_page_slide_out;transition-timing-function:ease-in}.fb_mpn_mobile_landing_page_slide_out_from_left{animation-duration:200ms;animation-name:fb_mpn_landing_page_slide_out_from_left;transition-timing-function:ease-in}.fb_mpn_mobile_landing_page_slide_up{animation-duration:500ms;animation-name:fb_mpn_landing_page_slide_up;transition-timing-function:ease-in}.fb_mpn_mobile_bounce_in{animation-duration:300ms;animation-name:fb_mpn_bounce_in;transition-timing-function:ease-in}.fb_mpn_mobile_bounce_out{animation-duration:300ms;animation-name:fb_mpn_bounce_out;transition-timing-function:ease-in}.fb_mpn_mobile_bounce_out_v2{animation-duration:300ms;animation-name:fb_mpn_fade_out;transition-timing-function:ease-in}.fb_customer_chat_bounce_in_v2{animation-duration:300ms;animation-name:fb_bounce_in_v2;transition-timing-function:ease-in}.fb_customer_chat_bounce_in_from_left{animation-duration:300ms;animation-name:fb_bounce_in_from_left;transition-timing-function:ease-in}.fb_customer_chat_bounce_out_v2{animation-duration:300ms;animation-name:fb_bounce_out_v2;transition-timing-function:ease-in}.fb_customer_chat_bounce_out_from_left{animation-duration:300ms;animation-name:fb_bounce_out_from_left;transition-timing-function:ease-in}.fb_customer_chat_bubble_animated_no_badge{box-shadow:0 3px 12px rgba(0, 0, 0, .15);transition:box-shadow 150ms linear}.fb_customer_chat_bubble_animated_no_badge:hover{box-shadow:0 5px 24px rgba(0, 0, 0, .3)}.fb_customer_chat_bubble_animated_with_badge{box-shadow:-5px 4px 14px rgba(0, 0, 0, .15);transition:box-shadow 150ms linear}.fb_customer_chat_bubble_animated_with_badge:hover{box-shadow:-5px 8px 24px rgba(0, 0, 0, .2)}.fb_invisible_flow{display:inherit;height:0;overflow-x:hidden;width:0}.fb_new_ui_mobile_overlay_active{overflow:hidden}@keyframes fb_mpn_landing_page_slide_in{0%{border-radius:50%;margin:0 24px;width:60px}40%{border-radius:18px}100%{margin:0 12px;width:100% - 24px}}@keyframes fb_mpn_landing_page_slide_in_from_left{0%{border-radius:50%;left:12px;margin:0 24px;width:60px}40%{border-radius:18px}100%{left:12px;margin:0 12px;width:100% - 24px}}@keyframes fb_mpn_landing_page_slide_out{0%{margin:0 12px;width:100% - 24px}60%{border-radius:18px}100%{border-radius:50%;margin:0 24px;width:60px}}@keyframes fb_mpn_landing_page_slide_out_from_left{0%{left:12px;width:100% - 24px}60%{border-radius:18px}100%{border-radius:50%;left:12px;width:60px}}@keyframes fb_mpn_landing_page_slide_up{0%{bottom:0;opacity:0}100%{bottom:24px;opacity:1}}@keyframes fb_mpn_bounce_in{0%{opacity:.5;top:100%}100%{opacity:1;top:0}}@keyframes fb_mpn_fade_out{0%{bottom:30px;opacity:1}100%{bottom:0;opacity:0}}@keyframes fb_mpn_bounce_out{0%{opacity:1;top:0}100%{opacity:.5;top:100%}}@keyframes fb_bounce_in_v2{0%{opacity:0;transform:scale(0, 0);transform-origin:bottom right}50%{transform:scale(1.03, 1.03);transform-origin:bottom right}100%{opacity:1;transform:scale(1, 1);transform-origin:bottom right}}@keyframes fb_bounce_in_from_left{0%{opacity:0;transform:scale(0, 0);transform-origin:bottom left}50%{transform:scale(1.03, 1.03);transform-origin:bottom left}100%{opacity:1;transform:scale(1, 1);transform-origin:bottom left}}@keyframes fb_bounce_out_v2{0%{opacity:1;transform:scale(1, 1);transform-origin:bottom right}100%{opacity:0;transform:scale(0, 0);transform-origin:bottom right}}@keyframes fb_bounce_out_from_left{0%{opacity:1;transform:scale(1, 1);transform-origin:bottom left}100%{opacity:0;transform:scale(0, 0);transform-origin:bottom left}}@keyframes fb_bounce_out_v2_mobile_chat_started{0%{opacity:1;top:0}100%{opacity:0;top:20px}}@keyframes fb_customer_chat_bubble_bounce_in_animation{0%{bottom:6pt;opacity:0;transform:scale(0, 0);transform-origin:center}70%{bottom:18pt;opacity:1;transform:scale(1.2, 1.2)}100%{transform:scale(1, 1)}}@keyframes slideInFromBottom{0%{opacity:.1;transform:translateY(100%)}100%{opacity:1;transform:translateY(0)}}@keyframes slideInFromBottomDelay{0%{opacity:0;transform:translateY(100%)}97%{opacity:0;transform:translateY(100%)}100%{opacity:1;transform:translateY(0)}}</style><style type="text/css" id="ctre_styles">
			#ctre_wnd {
				position: fixed; bottom: 0; right: 10px; width: 360px; padding: 10px 20px;
				box-sizing: content-box;
				text-align: left; font-family: Helvetica, Arial, sans-serif;
				background: #fff; box-shadow: 0px 0px 40px rgba(0,0,0,0.15);
				z-index: 2147483647;
				font-size: 12px; color: #666;
			}
			#ctre_wnd * {
				line-height: 1.3; font-size: inherit; color: inherit;
				font-weight: normal; font-style: normal; font-family: inherit;
				cursor: default;
			}
			#ctre_wnd a, #ctre_wnd input[type=checkbox] { cursor: pointer; }

			#ctre_wnd .ct_minimize, #ctre_wnd .ct_close {
				display: block; cursor: pointer;
				position: absolute; top: 0; right: 0; width: 32px; line-height: 32px;
				font-size: 14px; text-align: center;
				transition: color 0.3s, background 0.3s;
			}
			#ctre_wnd .ct_minimize { right: 32px; background: #fff; color: #0fb4d4; }
			#ctre_wnd .ct_minimize:hover { background: #0fb4d4; color: #fff; }
			#ctre_wnd .ct_minimize i {
				display: inline-block; cursor: pointer;
				transform: rotate(45deg); transition: transform 0.5s;
			}
			#ctre_wnd .ct_close { color: #f00; background: #fff0f0; }
			#ctre_wnd .ct_close:hover { color: #fff; background: #f00; }
			#ctre_wnd .key {
				display: inline-block;
				font-family: monospace;
				background: #f7f7f7; color: #999;
				padding: 0 2px; margin: 0 2px;
				border: solid 1px #d5d5d5; border-radius: 3px;
			}
			#ctre_wnd .ct_logo { font-size: 15px; font-weight: bold; }
			#ctre_wnd .ct_logo.small { display: none; }
			#ctre_wnd .ct_logo svg {
				fill: #666; vertical-align: -15%;
				transform: rotate(-240deg); transition: transform 1s;
			}
			#ctre_wnd .ct_logo.anim svg { transform: rotate(0deg); }

			#ctre_wnd .version { color: #bbb; }
			#ctre_wnd .keys { font-size: 11px; overflow: hidden; margin-top: 4px; color: #bbb; }
			#ctre_wnd .ct_settings { font-size: 11px; overflow: hidden; margin: 8px 0; color: #bbb; }
			#ctre_wnd .ct_settings a { color: #999; }
			#ctre_wnd .ct_settings a:hover { color: #666; }
			#ctre_wnd .activationKeys { float: left; margin-left: -2px; }
			#ctre_wnd .transposeKeys { float: right; }
			#ctre_current_elm {
				font-family: monospace; background: #f7f7f7; color: #d5d5d5; padding: 2px; margin: 10px 0;
				max-height: 84px; overflow: hidden;
			}
			#ctre_current_elm .pathNode { color: #999; border-bottom: solid 2px rgba(0,0,0,0); }
			#ctre_current_elm .pathNode.active { border-bottom: solid 2px #555; }

			#ctre_elm_list { display: none; margin: 0 -20px; background: #f7f7f7; border: solid 12px #f7f7f7; border-width: 12px 0 12px 0; max-height: 90px; overflow: auto; }
			#ctre_elm_list.hasContent { display: block; }
			#ctre_elm_list table { border: 0; width: 100%; border-spacing: 0; }
			#ctre_elm_list tr { border: 0; }
			#ctre_elm_list tr.ct_heading td { color: #bbb; }
			#ctre_elm_list td { padding: 0; border: 0; background: #f7f7f7; }
			#ctre_elm_list tr:nth-child(even) td { background: #fcfcfc; }
			#ctre_elm_list td:nth-child(1) { padding-left: 20px; }
			#ctre_elm_list td:nth-child(2) { text-align: center; }
			#ctre_elm_list td:nth-child(3) { padding-right: 20px; }
			#ctre_elm_list tr:not(.ct_heading) td:nth-child(1) { font-family: monospace; font-size: 11px; }
			#ctre_elm_list td input { display: inline; -webkit-appearance: checkbox; }
			#ctre_elm_list td input:before, #ctre_elm_list td input:after { content: none; }
			#ctre_elm_list .ct_edit_selector { font-family: sans-serif; float: right; opacity: 0; color: #0fb4d4; text-decoration: none; }
			#ctre_elm_list .ct_edit_selector:hover { color: #000; }
			#ctre_elm_list tr:hover .ct_edit_selector { opacity: 1; }
			#ctre_elm_list a.ct_delete { color: #f00; padding: 4px; text-decoration: none; font-size: 14px; }
			#ctre_elm_list a.ct_delete:hover { color: #fff; background: #f00; }

			#ctre_wnd .ct_more { border-top: solid 1px #f7f7f7; margin: 0 -20px; padding-top: 12px; color: #bbb; font-size: 10px; text-align: center; }
			#ctre_wnd .ct_more a { color: #0fb4d4; font-size: inherit; text-decoration: none; transition: color 0.5s; }
			#ctre_wnd .ct_more a:hover { color: #000; }

			#ctre_wnd.minimized { width: 80px; height: 12px; }
			#ctre_wnd.minimized > * { display: none; }
			#ctre_wnd.minimized .ct_minimize,
			#ctre_wnd.minimized .ct_close { display: block; }
			#ctre_wnd.minimized .ct_minimize i { display: inline-block; transform: rotate(-135deg); }
			#ctre_wnd.minimized .ct_logo.small { display: block; margin: -4px 0 0 -10px; }
			</style></head><body class="responsive logged-out react-ready mini-nav"><div id="redux-root"><div class="market-layout" data-testid="market-layout"><div><div class="mobile-nav stuck"><div class="top-nav-placeholder"></div><div class="top-nav top-nav-small stuck"><div class="logo-box"><a class="logo" href="https://www.goodeggs.com/sfbay/home"><i class="icon icon-logo-2" alt="good eggs"></i></a></div><a id="search" class="icon"><i class="icon icon-search"></i></a><a class="basket icon" href="https://www.goodeggs.com/basket"><i class="icon icon-basket-2"><div class="items-count js-mobile-header-basket-item-count">0</div></i></a><i class="menu icon icon-menu"></i></div><div class="mobile-search-dropdown dropdown"><div class="mobile-search-box search-box"><form class="search-form-mobile" action="https://www.goodeggs.com/sfbay/search" method="get"><label for="search-query">Search</label><input type="text" class="search-button" name="q" placeholder="What are you looking for?" autocapitalize="off" value=""><div class="search-action"><i class="icon icon-search"></i></div></form></div></div></div><div><div class="mobile-local-navigation"><div class="layout-row mobile-local-navigation__title"><div class="layout-cell mobile-local-navigation__category-title"><div>Health &amp; Home<i class="icon icon-chevron"></i></div></div><div class="layout-cell--expanding mobile-local-navigation__subcategory-title"><div>Homekeeping<i class="icon icon-chevron"></i></div></div></div></div><div class="mobile-local-navigation__phantom-hack"></div></div><div class="desktop-nav"><div id="nav"><div class="desktop-header desktop-nav top-nav-large js-desktop-header-container"><div id="fb-root" class=" fb_reset"><div style="position: absolute; top: -10000px; width: 0px; height: 0px;"><div></div></div></div><div class="desktop-header__logo_container"><a class="brand remote" href="https://www.goodeggs.com/sfbay/home"><h1 class="desktop-header__logo js-header-logo">Good Eggs - <span class="js-foodshed-description">SF Bay</span></h1></a></div><div class="desktop-header__top-row"><div class="desktop-header__row-content page-boundary"><ul class="js-user-controls" style="float:right;margin-right:-12px"><li class="dropdown-menu__container desktop-header__shop-for-day-menu"><a class="desktop-header__link dropdown-menu__button js-shop-for-day-menu-button">Shopping For Tomorrow ▾</a><div class="dropdown-menu__content js-shop-for-day-menu-content" style="display: none;"><a class="dropdown-menu__item dropdown-menu__item-day-chooser dropdown-menu__item-checkmark dropdown-menu__item-unavailable" href="https://www.goodeggs.com/sfbay/health-home#"><i class="icon dropdown-menu-item__icon checkmark-unselected"></i>Today (Unavailable after 1pm)</a><a class="dropdown-menu__item dropdown-menu__item-day-chooser dropdown-menu__item-checkmark remote dropdown-menu-item__selected" href="https://www.goodeggs.com/sfbay/health-home#"><i class="icon dropdown-menu-item__icon checkmark-selected"></i>Tomorrow 5/25</a><a class="dropdown-menu__item dropdown-menu__item-day-chooser dropdown-menu__item-checkmark" href="https://www.goodeggs.com/sfbay/health-home#"><i class="icon dropdown-menu-item__icon checkmark-unselected"></i>Wednesday 5/26</a><a class="dropdown-menu__item dropdown-menu__item-day-chooser dropdown-menu__item-checkmark" href="https://www.goodeggs.com/sfbay/health-home#"><i class="icon dropdown-menu-item__icon checkmark-unselected"></i>Thursday 5/27</a></div></li><li class="desktop-header__row-content-column"><a class="desktop-header__favorite" href="https://www.goodeggs.com/sfbay/favorites"><svg class="desktop-header__favorite-heart icon icon-heart" viewBox="8.9 7.8 18 16.633654"><path d="m 17.89989,23.433653 c 0.631042,-0.630881 4.233291,-4.23521 6.485296,-6.486896 2.017605,-2.017765 1.974565,-4.958732 0.140161,-6.783217 -1.834405,-1.8249642 -4.800652,-1.8169641 -6.625457,0.0176 -1.824645,-1.8345641 -4.790892,-1.8425642 -6.625297,-0.0176 -1.8344041,1.824485 -1.8772842,4.765452 0.140161,6.783217 2.251845,2.251686 5.854574,5.856015 6.485136,6.486896 l 0,0 z"></path></svg>Favorites</a></li><a class="desktop-header__link login js-header-login" href="https://www.goodeggs.com/signin">Sign In</a></ul><ul class="js-how-it-works-links"><li><a href="https://help.goodeggs.com/">Help Center</a></li><li><i class="icon icon-referral desktop-header__referral-icon"></i><a class="desktop-header__refer-a-friend desktop-header__link" href="https://www.goodeggs.com/sfbay/refer-a-friend">Invite friends, get $20</a></li><li><i class="icon icon-gift-card desktop-header__gift-card-icon"></i><a class="desktop-header__gift-card desktop-header__link" href="https://www.goodeggs.com/giftcards">Buy a gift card</a></li></ul></div></div><div class="desktop-header__bottom-row"><div class="page-boundary"><div class="desktop-header__row-content"><div class="desktop-header__categories-container"><div class="desktop-header-row__categories"><div class="desktop-header__category-meal-kits desktop-header__category desktop-header__category--short"><a class="remote desktop-header__category-link" href="https://www.goodeggs.com/sfbay/meal-kits" data-slug="meal-kits"><div class="desktop-header__meal-kits-category desktop-header__category-link-interior"><div class="desktop-header__category-link-interior__primary-heading"><span>Meal Kits</span></div></div></a><div class="category-expansion expansion"><div class="category-expansion__content"><a class="category-expansion__item" href="https://www.goodeggs.com/sfbay/meal-kits#meals-3dinner-kits">3-Dinner Kits</a><a class="category-expansion__item" href="https://www.goodeggs.com/sfbay/meal-kits#meals-mains">Main Course</a><a class="category-expansion__item" href="https://www.goodeggs.com/sfbay/meal-kits#meals-special-diets">Special Diets</a><a class="category-expansion__item" href="https://www.goodeggs.com/sfbay/meal-kits#meals-celebrations">Celebrations</a><a class="category-expansion__item" href="https://www.goodeggs.com/sfbay/meal-kits#meals-appetizers">Appetizers</a><a class="category-expansion__item" href="https://www.goodeggs.com/sfbay/meal-kits#meals-platters">Boards &amp; Platters</a><a class="category-expansion__item" href="https://www.goodeggs.com/sfbay/meal-kits#meals-sides">Side Dishes</a><a class="category-expansion__item" href="https://www.goodeggs.com/sfbay/meal-kits#meals-sidesalads">Side Salads</a><a class="category-expansion__item" href="https://www.goodeggs.com/sfbay/meal-kits#meals-lunch">Quick &amp; Easy Lunch</a><a class="category-expansion__item" href="https://www.goodeggs.com/sfbay/meal-kits#meals-desserts">Desserts</a><a class="category-expansion__item" href="https://www.goodeggs.com/sfbay/meal-kits#meals-kidscooking">Cooking With Kids</a><a class="category-expansion__item" href="https://www.goodeggs.com/sfbay/meal-kits#meals-onepot">One-Pot Cooking</a><a class="category-expansion__item" href="https://www.goodeggs.com/sfbay/meal-kits#meals-family">Family Favorites</a><a class="category-expansion__item" href="https://www.goodeggs.com/sfbay/meal-kits#meals-alcohol">Cocktails</a></div></div></div><div class="desktop-header__category-produce desktop-header__category desktop-header__category--short"><a class="remote desktop-header__category-link" href="https://www.goodeggs.com/sfbay/produce" data-slug="produce"><div class="desktop-header__produce-category desktop-header__category-link-interior"><div class="desktop-header__category-link-interior__primary-heading"><span>Produce</span></div></div></a><div class="category-expansion expansion"><div class="category-expansion__content"><a class="category-expansion__item" href="https://www.goodeggs.com/sfbay/produce#produce-peak-season">New &amp; Peak Season</a><a class="category-expansion__item" href="https://www.goodeggs.com/sfbay/produce#produce-csa-boxes">CSA Boxes</a><a class="category-expansion__item" href="https://www.goodeggs.com/sfbay/produce#produce-prepped-fruit">Prepped Fruit</a><a class="category-expansion__item" href="https://www.goodeggs.com/sfbay/produce#produce-prepped-vegetables">Prepped Vegetables</a><a class="category-expansion__item" href="https://www.goodeggs.com/sfbay/produce#produce-flowers">Flowers</a><a class="category-expansion__item" href="https://www.goodeggs.com/sfbay/produce#produce-fruit">Fruits</a><a class="category-expansion__item" href="https://www.goodeggs.com/sfbay/produce#produce-avocados">Avocados</a><a class="category-expansion__item" href="https://www.goodeggs.com/sfbay/produce#produce-vegetables">Vegetables</a><a class="category-expansion__item" href="https://www.goodeggs.com/sfbay/produce#produce-greens">Greens</a><a class="category-expansion__item" href="https://www.goodeggs.com/sfbay/produce#produce-mushrooms">Mushrooms</a><a class="category-expansion__item" href="https://www.goodeggs.com/sfbay/produce#produce-roots">Potatoes &amp; Beets</a><a class="category-expansion__item" href="https://www.goodeggs.com/sfbay/produce#produce-garlic-onions">Garlic &amp; Onions</a><a class="category-expansion__item" href="https://www.goodeggs.com/sfbay/produce#produce-herbs">Herbs</a><a class="category-expansion__item" href="https://www.goodeggs.com/sfbay/produce#produce-bulk">Bulk Produce</a><a class="category-expansion__item" href="https://www.goodeggs.com/sfbay/produce#produce-frozen-fruit-vegetables">Frozen Fruit &amp; Vegetables</a></div></div></div><div class="desktop-header__category-dairy desktop-header__category desktop-header__category--short"><a class="remote desktop-header__category-link" href="https://www.goodeggs.com/sfbay/dairy" data-slug="dairy"><div class="desktop-header__dairy-category desktop-header__category-link-interior"><div class="desktop-header__category-link-interior__primary-heading"><span>Dairy</span></div></div></a><div class="category-expansion expansion"><div class="category-expansion__content"><a class="category-expansion__item" href="https://www.goodeggs.com/sfbay/dairy#dairy-featured">Ice Cream Sundaes</a><a class="category-expansion__item" href="https://www.goodeggs.com/sfbay/dairy#dairy-gek">Good Eggs Cheese Shop</a><a class="category-expansion__item" href="https://www.goodeggs.com/sfbay/dairy#dairy-milk">Milk</a><a class="category-expansion__item" href="https://www.goodeggs.com/sfbay/dairy#dairy-non-dairy-milk">Non-Dairy Milk</a><a class="category-expansion__item" href="https://www.goodeggs.com/sfbay/dairy#dairy-cream">Cream</a><a class="category-expansion__item" href="https://www.goodeggs.com/sfbay/dairy#dairy-pastured-eggs">Eggs</a><a class="category-expansion__item" href="https://www.goodeggs.com/sfbay/dairy#dairy-yogurt">Yogurt</a><a class="category-expansion__item" href="https://www.goodeggs.com/sfbay/dairy#nondairy-yogurt">Non-Dairy Yogurt</a><a class="category-expansion__item" href="https://www.goodeggs.com/sfbay/dairy#dairy-butter">Butter &amp; Cultured Dairy</a><a class="category-expansion__item" href="https://www.goodeggs.com/sfbay/dairy#dairy-cheese">Cheese</a><a class="category-expansion__item" href="https://www.goodeggs.com/sfbay/dairy#dairy-meat-alternatives">Tofu &amp; Meat Alternatives</a><a class="category-expansion__item" href="https://www.goodeggs.com/sfbay/dairy#dairy-desserts">Ice Cream &amp; Desserts</a></div></div></div><div class="desktop-header__category-meat-fish desktop-header__category desktop-header__category--short"><a class="remote desktop-header__category-link" href="https://www.goodeggs.com/sfbay/meat-fish" data-slug="meat-fish"><div class="desktop-header__meat-fish-category desktop-header__category-link-interior"><div class="desktop-header__category-link-interior__primary-heading"><span>Meat &amp; Fish</span></div></div></a><div class="category-expansion expansion"><div class="category-expansion__content"><a class="category-expansion__item" href="https://www.goodeggs.com/sfbay/meat-fish#meat-fish-featured">Barbecue is Back</a><a class="category-expansion__item" href="https://www.goodeggs.com/sfbay/meat-fish#meat-gek">Good Eggs Kitchen</a><a class="category-expansion__item" href="https://www.goodeggs.com/sfbay/meat-fish#meat-fish-poultry">Poultry</a><a class="category-expansion__item" href="https://www.goodeggs.com/sfbay/meat-fish#meat-fish-bacon">Sausage &amp; Bacon</a><a class="category-expansion__item" href="https://www.goodeggs.com/sfbay/meat-fish#meat-fish-beef">Beef</a><a class="category-expansion__item" href="https://www.goodeggs.com/sfbay/meat-fish#meat-fish-pork">Pork</a><a class="category-expansion__item" href="https://www.goodeggs.com/sfbay/meat-fish#meat-fish-lamb">Lamb &amp; Game Meat</a><a class="category-expansion__item" href="https://www.goodeggs.com/sfbay/meat-fish#meat-fish-deli-charcuterie">Deli Meat &amp; Charcuterie</a><a class="category-expansion__item" href="https://www.goodeggs.com/sfbay/meat-fish#meat-fish-sausage-jerky">Jerky</a><a class="category-expansion__item" href="https://www.goodeggs.com/sfbay/meat-fish#meat-fish-fish">Fish &amp; Shellfish</a><a class="category-expansion__item" href="https://www.goodeggs.com/sfbay/meat-fish#meat-fish-smoked">Smoked &amp; Canned Fish</a><a class="category-expansion__item" href="https://www.goodeggs.com/sfbay/meat-fish#meat-fish-rubs-marinades">Rubs &amp; Marinades</a><a class="category-expansion__item" href="https://www.goodeggs.com/sfbay/meat-fish#meat-fish-bones-offal">Bones &amp; Offal</a></div></div></div><div class="desktop-header__category-prepared desktop-header__category desktop-header__category--short"><a class="remote desktop-header__category-link" href="https://www.goodeggs.com/sfbay/prepared" data-slug="prepared"><div class="desktop-header__prepared-category desktop-header__category-link-interior"><div class="desktop-header__category-link-interior__primary-heading"><span>Prepared</span></div></div></a><div class="category-expansion expansion"><div class="category-expansion__content"><a class="category-expansion__item" href="https://www.goodeggs.com/sfbay/prepared#featured-prepared">Memorial Day Favorites</a><a class="category-expansion__item" href="https://www.goodeggs.com/sfbay/prepared#good-eggs-kitchen">Good Eggs Kitchen</a><a class="category-expansion__item" href="https://www.goodeggs.com/sfbay/prepared#meals-entrees">Entrees</a><a class="category-expansion__item" href="https://www.goodeggs.com/sfbay/prepared#meals-sides-and-salads">Sides &amp; Salads</a><a class="category-expansion__item" href="https://www.goodeggs.com/sfbay/prepared#meals-soups-stews">Soups &amp; Stews</a><a class="category-expansion__item" href="https://www.goodeggs.com/sfbay/prepared#meals-pasta">Pasta &amp; Sauce</a><a class="category-expansion__item" href="https://www.goodeggs.com/sfbay/prepared#meals-pizza">Pizza</a><a class="category-expansion__item" href="https://www.goodeggs.com/sfbay/prepared#meals-frozen">Frozen</a><a class="category-expansion__item" href="https://www.goodeggs.com/sfbay/prepared#meals-vegan-raw">Vegan &amp; Raw</a></div></div></div><div class="desktop-header__category-alcohol desktop-header__category desktop-header__category--short"><a class="remote desktop-header__category-link" href="https://www.goodeggs.com/sfbay/alcohol" data-slug="alcohol"><div class="desktop-header__alcohol-category desktop-header__category-link-interior"><div class="desktop-header__category-link-interior__primary-heading"><span>Alcohol</span></div></div></a><div class="category-expansion expansion"><div class="category-expansion__content"><a class="category-expansion__item" href="https://www.goodeggs.com/sfbay/alcohol#alcohol-featured">Perfect for Picnicking</a><a class="category-expansion__item" href="https://www.goodeggs.com/sfbay/alcohol#alcohol-beer">Beer</a><a class="category-expansion__item" href="https://www.goodeggs.com/sfbay/alcohol#alcohol-spirits">Spirits</a><a class="category-expansion__item" href="https://www.goodeggs.com/sfbay/alcohol#alcohol-canned-cocktails">Canned Cocktails</a><a class="category-expansion__item" href="https://www.goodeggs.com/sfbay/alcohol#alcohol-red-wine">Red Wine</a><a class="category-expansion__item" href="https://www.goodeggs.com/sfbay/alcohol#alcohol-white-wine">White Wine</a><a class="category-expansion__item" href="https://www.goodeggs.com/sfbay/alcohol#alcohol-rose-wine">Rosé Wine</a><a class="category-expansion__item" href="https://www.goodeggs.com/sfbay/alcohol#alcohol-sparkling-wine">Sparkling Wine</a><a class="category-expansion__item" href="https://www.goodeggs.com/sfbay/alcohol#alcohol-canned-wine">Canned Wine</a><a class="category-expansion__item" href="https://www.goodeggs.com/sfbay/alcohol#alcohol-fortified-wine">Fortified Wine</a><a class="category-expansion__item" href="https://www.goodeggs.com/sfbay/alcohol#alcohol-cider">Hard Cider</a><a class="category-expansion__item" href="https://www.goodeggs.com/sfbay/alcohol#alcohol-sake">Sake</a><a class="category-expansion__item" href="https://www.goodeggs.com/sfbay/alcohol#alcohol-wine-under-15">Wines Under $15</a><a class="category-expansion__item" href="https://www.goodeggs.com/sfbay/alcohol#alcohol-collections">Wine &amp; Cocktail Collections</a></div></div></div><div class="desktop-header__category-snacks desktop-header__category desktop-header__category--short"><a class="remote desktop-header__category-link" href="https://www.goodeggs.com/sfbay/snacks" data-slug="snacks"><div class="desktop-header__snacks-category desktop-header__category-link-interior"><div class="desktop-header__category-link-interior__primary-heading"><span>Snacks</span></div></div></a><div class="category-expansion expansion"><div class="category-expansion__content"><a class="category-expansion__item" href="https://www.goodeggs.com/sfbay/snacks#snacks-featured">Lunchbox Snacks</a><a class="category-expansion__item" href="https://www.goodeggs.com/sfbay/snacks#snacks-gek">Good Eggs Kitchen</a><a class="category-expansion__item" href="https://www.goodeggs.com/sfbay/snacks#snacks-bars">Bars</a><a class="category-expansion__item" href="https://www.goodeggs.com/sfbay/snacks#snacks-chips">Chips</a><a class="category-expansion__item" href="https://www.goodeggs.com/sfbay/snacks#snacks-crackers">Crackers</a><a class="category-expansion__item" href="https://www.goodeggs.com/sfbay/snacks#snacks-salsa-dips">Salsa &amp; Dips</a><a class="category-expansion__item" href="https://www.goodeggs.com/sfbay/snacks#snacks-dried-fruit-nuts">Dried Fruit &amp; Nuts</a><a class="category-expansion__item" href="https://www.goodeggs.com/sfbay/snacks#snacks-savory-snacks">Savory Snacks</a><a class="category-expansion__item" href="https://www.goodeggs.com/sfbay/snacks#snacks-pickles-olives">Pickles &amp; Olives</a><a class="category-expansion__item" href="https://www.goodeggs.com/sfbay/snacks#snacks-chocolate-bars-sweets">Chocolate &amp; Candy</a><a class="category-expansion__item" href="https://www.goodeggs.com/sfbay/snacks#snacks-cookies">Cookies</a><a class="category-expansion__item" href="https://www.goodeggs.com/sfbay/snacks#snacks-gf-cookies">Gluten-Free Cookies</a></div></div></div><div class="desktop-header__category-drinks desktop-header__category desktop-header__category--short"><a class="remote desktop-header__category-link" href="https://www.goodeggs.com/sfbay/drinks" data-slug="drinks"><div class="desktop-header__drinks-category desktop-header__category-link-interior"><div class="desktop-header__category-link-interior__primary-heading"><span>Drinks</span></div></div></a><div class="category-expansion expansion"><div class="category-expansion__content"><a class="category-expansion__item" href="https://www.goodeggs.com/sfbay/drinks#drinks-featured">Iced Brews</a><a class="category-expansion__item" href="https://www.goodeggs.com/sfbay/drinks#drinks-juice">Juice &amp; Smoothies</a><a class="category-expansion__item" href="https://www.goodeggs.com/sfbay/drinks#drinks-water-seltzer">Water &amp; Seltzer</a><a class="category-expansion__item" href="https://www.goodeggs.com/sfbay/drinks#drinks-soda">Soda</a><a class="category-expansion__item" href="https://www.goodeggs.com/sfbay/drinks#drinks-kombucha">Kombucha &amp; Tonics</a><a class="category-expansion__item" href="https://www.goodeggs.com/sfbay/drinks#drinks-functional-beverages">Functional Beverages</a><a class="category-expansion__item" href="https://www.goodeggs.com/sfbay/drinks#drinks-coffee">Coffee</a><a class="category-expansion__item" href="https://www.goodeggs.com/sfbay/drinks#drinks-tea">Tea</a><a class="category-expansion__item" href="https://www.goodeggs.com/sfbay/drinks#drinks-cocoa">Cocoa</a><a class="category-expansion__item" href="https://www.goodeggs.com/sfbay/drinks#drinks-tonics-mixers">Mixers &amp; Concentrates</a></div></div></div><div class="desktop-header__category-bakery desktop-header__category desktop-header__category--short"><a class="remote desktop-header__category-link" href="https://www.goodeggs.com/sfbay/bakery" data-slug="bakery"><div class="desktop-header__bakery-category desktop-header__category-link-interior"><div class="desktop-header__category-link-interior__primary-heading"><span>Bakery</span></div></div></a><div class="category-expansion expansion"><div class="category-expansion__content"><a class="category-expansion__item" href="https://www.goodeggs.com/sfbay/bakery#bakery-featured">Potluck Sweets</a><a class="category-expansion__item" href="https://www.goodeggs.com/sfbay/bakery#bakery-bread">Bread</a><a class="category-expansion__item" href="https://www.goodeggs.com/sfbay/bakery#bakery-rolls-buns">Rolls &amp; Buns</a><a class="category-expansion__item" href="https://www.goodeggs.com/sfbay/bakery#bakery-bagels-pastries">Bagels &amp; Breakfast</a><a class="category-expansion__item" href="https://www.goodeggs.com/sfbay/bakery#bakery-tortillas-flatbread">Tortillas &amp; Flatbreads</a><a class="category-expansion__item" href="https://www.goodeggs.com/sfbay/bakery#bakery-cookies-brownies">Cookies &amp; Brownies</a><a class="category-expansion__item" href="https://www.goodeggs.com/sfbay/bakery#bakery-cakes-pies">Cakes &amp; Pies</a><a class="category-expansion__item" href="https://www.goodeggs.com/sfbay/bakery#bakery-gluten-free-bread">Gluten-Free Bread</a><a class="category-expansion__item" href="https://www.goodeggs.com/sfbay/bakery#bakery-gluten-free-baked-goods">Gluten-Free Baked Goods</a><a class="category-expansion__item" href="https://www.goodeggs.com/sfbay/bakery#bakery-batter-dough">Batter &amp; Dough</a></div></div></div><div class="desktop-header__category-pantry desktop-header__category desktop-header__category--short"><a class="remote desktop-header__category-link" href="https://www.goodeggs.com/sfbay/pantry" data-slug="pantry"><div class="desktop-header__pantry-category desktop-header__category-link-interior"><div class="desktop-header__category-link-interior__primary-heading"><span>Pantry</span></div></div></a><div class="category-expansion expansion"><div class="category-expansion__content"><a class="category-expansion__item" href="https://www.goodeggs.com/sfbay/pantry#pantry-featured">New to the Market</a><a class="category-expansion__item" href="https://www.goodeggs.com/sfbay/pantry#pantry-gek">Good Eggs Kitchen</a><a class="category-expansion__item" href="https://www.goodeggs.com/sfbay/pantry#pantry-granola-cereal">Cereal &amp; Granola</a><a class="category-expansion__item" href="https://www.goodeggs.com/sfbay/pantry#pantry-nut-butters-fruit-spreads">Nut Butters &amp; Fruit Spreads</a><a class="category-expansion__item" href="https://www.goodeggs.com/sfbay/pantry#pantry-pasta-sauce">Pasta &amp; Sauce</a><a class="category-expansion__item" href="https://www.goodeggs.com/sfbay/pantry#pantry-grains-rice-beans">Grains, Rice &amp; Dried Beans</a><a class="category-expansion__item" href="https://www.goodeggs.com/sfbay/pantry#pantry-canned-goods">Canned &amp; Jarred</a><a class="category-expansion__item" href="https://www.goodeggs.com/sfbay/pantry#pantry-pickles-olives">Pickles &amp; Olives</a><a class="category-expansion__item" href="https://www.goodeggs.com/sfbay/pantry#pantry-baking-ingredients">Baking Ingredients</a><a class="category-expansion__item" href="https://www.goodeggs.com/sfbay/pantry#pantry-baking-gluten-free">Gluten-Free &amp; Paleo Baking</a><a class="category-expansion__item" href="https://www.goodeggs.com/sfbay/pantry#sugars-sweeteners">Sugars &amp; Sweeteners</a><a class="category-expansion__item" href="https://www.goodeggs.com/sfbay/pantry#pantry-oil-vinegar">Oil &amp; Vinegar</a><a class="category-expansion__item" href="https://www.goodeggs.com/sfbay/pantry#pantry-stocks-broths">Stocks &amp; Broths</a><a class="category-expansion__item" href="https://www.goodeggs.com/sfbay/pantry#pantry-sauces-condiments">Sauces &amp; Condiments</a><a class="category-expansion__item" href="https://www.goodeggs.com/sfbay/pantry#pantry-herbs-spices">Herbs &amp; Spices</a><a class="category-expansion__item" href="https://www.goodeggs.com/sfbay/pantry#pantry-baby-food">Baby Food</a></div></div></div><div class="desktop-header__category-health-home desktop-header__category current desktop-header__category--short"><a class="remote desktop-header__category-link" href="https://www.goodeggs.com/sfbay/health-home" data-slug="health-home"><div class="desktop-header__health-home-category desktop-header__category-link-interior"><div class="desktop-header__category-link-interior__primary-heading"><span>Health &amp; Home</span></div></div></a><div class="category-expansion expansion"><div class="category-expansion__content"><a class="category-expansion__item" href="https://www.goodeggs.com/sfbay/health-home#health-home-cleaning">Cleaning</a><a class="category-expansion__item" href="https://www.goodeggs.com/sfbay/health-home#health-home-laundry">Laundry</a><a class="category-expansion__item" href="https://www.goodeggs.com/sfbay/health-home#health-home-kitchen">Kitchen Essentials</a><a class="category-expansion__item" href="https://www.goodeggs.com/sfbay/health-home#health-home-paper">Paper Goods</a><a class="category-expansion__item" href="https://www.goodeggs.com/sfbay/health-home#health-home-trash">Trash &amp; Compost</a><a class="category-expansion__item" href="https://www.goodeggs.com/sfbay/health-home#health-home-hygiene">Personal Care</a><a class="category-expansion__item" href="https://www.goodeggs.com/sfbay/health-home#health-home-wellness">Wellness</a><a class="category-expansion__item" href="https://www.goodeggs.com/sfbay/health-home#health-home-bath-body">Bath &amp; Body</a><a class="category-expansion__item" href="https://www.goodeggs.com/sfbay/health-home#health-home-vitamins-supplements">Vitamins &amp; Supplements</a><a class="category-expansion__item" href="https://www.goodeggs.com/sfbay/health-home#health-home-homekeeping">Homekeeping</a></div></div></div><div class="desktop-header__category-more desktop-header__category desktop-header__category--short"><a class="remote desktop-header__category-link" href="https://www.goodeggs.com/sfbay/health-home" data-slug="more"><div class="desktop-header__more-category desktop-header__category-link-interior"><div class="desktop-header__category-link-interior__primary-heading"><span>More ▾</span></div></div></a><div class="category-expansion expansion"><div class="category-expansion__content"><a class="category-expansion__item" href="https://www.goodeggs.com/sfbay/pantry">Pantry</a><a class="category-expansion__item" href="https://www.goodeggs.com/sfbay/health-home">Health &amp; Home</a></div></div></div><div class="right-border desktop-header__category"></div><div class="desktop-header__standalone-text-container"><a class="remote" href="https://www.goodeggs.com/sfbay/reorder"> <!-- -->Reorder<!-- --> </a></div><div class="desktop-header__search-container"><a class="remote" href="https://www.goodeggs.com/sfbay/search"><i class="icon icon-search"></i></a></div></div></div><div class="desktop-header__basket-container"><a class="js-header__basket desktop-header__basket basket-button basket remote" href="https://www.goodeggs.com/basket"><i class="basket-button__icon icon icon-basket-2"><div class="basket-button__item-count icon__inner-content js-header-basket-item-count">0</div></i></a></div></div></div></div></div><div class="sticky-desktop-header top-nav-large"><div class="sticky-desktop-header__content page-boundary"><a class="remote" href="https://www.goodeggs.com/sfbay/home"><div class="sticky-desktop-header__logo"><img src="./Health &amp; Home _ SF Bay _ Good Eggs_files/logo-g.9f3eac43.png"></div></a><div class="sticky-desktop-header__nav"><div class="sticky-desktop-header__categories-container"><div class="sticky-desktop-header__departments"><div class="sticky-desktop-header__category sticky-desktop-header__category-meal-kits"><a class="remote sticky-desktop-header__category-link" href="https://www.goodeggs.com/sfbay/meal-kits" data-slug="meal-kits"><div class="sticky-desktop-header__category-link-interior"><div class="sticky-desktop-header__category-link-interior"><span>Meal Kits</span></div></div></a><div class="category-expansion expansion"><div class="category-expansion__content"><a class="category-expansion__item" href="https://www.goodeggs.com/sfbay/meal-kits#meals-3dinner-kits">3-Dinner Kits</a><a class="category-expansion__item" href="https://www.goodeggs.com/sfbay/meal-kits#meals-mains">Main Course</a><a class="category-expansion__item" href="https://www.goodeggs.com/sfbay/meal-kits#meals-special-diets">Special Diets</a><a class="category-expansion__item" href="https://www.goodeggs.com/sfbay/meal-kits#meals-celebrations">Celebrations</a><a class="category-expansion__item" href="https://www.goodeggs.com/sfbay/meal-kits#meals-appetizers">Appetizers</a><a class="category-expansion__item" href="https://www.goodeggs.com/sfbay/meal-kits#meals-platters">Boards &amp; Platters</a><a class="category-expansion__item" href="https://www.goodeggs.com/sfbay/meal-kits#meals-sides">Side Dishes</a><a class="category-expansion__item" href="https://www.goodeggs.com/sfbay/meal-kits#meals-sidesalads">Side Salads</a><a class="category-expansion__item" href="https://www.goodeggs.com/sfbay/meal-kits#meals-lunch">Quick &amp; Easy Lunch</a><a class="category-expansion__item" href="https://www.goodeggs.com/sfbay/meal-kits#meals-desserts">Desserts</a><a class="category-expansion__item" href="https://www.goodeggs.com/sfbay/meal-kits#meals-kidscooking">Cooking With Kids</a><a class="category-expansion__item" href="https://www.goodeggs.com/sfbay/meal-kits#meals-onepot">One-Pot Cooking</a><a class="category-expansion__item" href="https://www.goodeggs.com/sfbay/meal-kits#meals-family">Family Favorites</a><a class="category-expansion__item" href="https://www.goodeggs.com/sfbay/meal-kits#meals-alcohol">Cocktails</a></div></div></div><div class="sticky-desktop-header__category sticky-desktop-header__category-produce"><a class="remote sticky-desktop-header__category-link" href="https://www.goodeggs.com/sfbay/produce" data-slug="produce"><div class="sticky-desktop-header__category-link-interior"><div class="sticky-desktop-header__category-link-interior"><span>Produce</span></div></div></a><div class="category-expansion expansion"><div class="category-expansion__content"><a class="category-expansion__item" href="https://www.goodeggs.com/sfbay/produce#produce-peak-season">New &amp; Peak Season</a><a class="category-expansion__item" href="https://www.goodeggs.com/sfbay/produce#produce-csa-boxes">CSA Boxes</a><a class="category-expansion__item" href="https://www.goodeggs.com/sfbay/produce#produce-prepped-fruit">Prepped Fruit</a><a class="category-expansion__item" href="https://www.goodeggs.com/sfbay/produce#produce-prepped-vegetables">Prepped Vegetables</a><a class="category-expansion__item" href="https://www.goodeggs.com/sfbay/produce#produce-flowers">Flowers</a><a class="category-expansion__item" href="https://www.goodeggs.com/sfbay/produce#produce-fruit">Fruits</a><a class="category-expansion__item" href="https://www.goodeggs.com/sfbay/produce#produce-avocados">Avocados</a><a class="category-expansion__item" href="https://www.goodeggs.com/sfbay/produce#produce-vegetables">Vegetables</a><a class="category-expansion__item" href="https://www.goodeggs.com/sfbay/produce#produce-greens">Greens</a><a class="category-expansion__item" href="https://www.goodeggs.com/sfbay/produce#produce-mushrooms">Mushrooms</a><a class="category-expansion__item" href="https://www.goodeggs.com/sfbay/produce#produce-roots">Potatoes &amp; Beets</a><a class="category-expansion__item" href="https://www.goodeggs.com/sfbay/produce#produce-garlic-onions">Garlic &amp; Onions</a><a class="category-expansion__item" href="https://www.goodeggs.com/sfbay/produce#produce-herbs">Herbs</a><a class="category-expansion__item" href="https://www.goodeggs.com/sfbay/produce#produce-bulk">Bulk Produce</a><a class="category-expansion__item" href="https://www.goodeggs.com/sfbay/produce#produce-frozen-fruit-vegetables">Frozen Fruit &amp; Vegetables</a></div></div></div><div class="sticky-desktop-header__category sticky-desktop-header__category-dairy"><a class="remote sticky-desktop-header__category-link" href="https://www.goodeggs.com/sfbay/dairy" data-slug="dairy"><div class="sticky-desktop-header__category-link-interior"><div class="sticky-desktop-header__category-link-interior"><span>Dairy</span></div></div></a><div class="category-expansion expansion"><div class="category-expansion__content"><a class="category-expansion__item" href="https://www.goodeggs.com/sfbay/dairy#dairy-featured">Ice Cream Sundaes</a><a class="category-expansion__item" href="https://www.goodeggs.com/sfbay/dairy#dairy-gek">Good Eggs Cheese Shop</a><a class="category-expansion__item" href="https://www.goodeggs.com/sfbay/dairy#dairy-milk">Milk</a><a class="category-expansion__item" href="https://www.goodeggs.com/sfbay/dairy#dairy-non-dairy-milk">Non-Dairy Milk</a><a class="category-expansion__item" href="https://www.goodeggs.com/sfbay/dairy#dairy-cream">Cream</a><a class="category-expansion__item" href="https://www.goodeggs.com/sfbay/dairy#dairy-pastured-eggs">Eggs</a><a class="category-expansion__item" href="https://www.goodeggs.com/sfbay/dairy#dairy-yogurt">Yogurt</a><a class="category-expansion__item" href="https://www.goodeggs.com/sfbay/dairy#nondairy-yogurt">Non-Dairy Yogurt</a><a class="category-expansion__item" href="https://www.goodeggs.com/sfbay/dairy#dairy-butter">Butter &amp; Cultured Dairy</a><a class="category-expansion__item" href="https://www.goodeggs.com/sfbay/dairy#dairy-cheese">Cheese</a><a class="category-expansion__item" href="https://www.goodeggs.com/sfbay/dairy#dairy-meat-alternatives">Tofu &amp; Meat Alternatives</a><a class="category-expansion__item" href="https://www.goodeggs.com/sfbay/dairy#dairy-desserts">Ice Cream &amp; Desserts</a></div></div></div><div class="sticky-desktop-header__category sticky-desktop-header__category-meat-fish"><a class="remote sticky-desktop-header__category-link" href="https://www.goodeggs.com/sfbay/meat-fish" data-slug="meat-fish"><div class="sticky-desktop-header__category-link-interior"><div class="sticky-desktop-header__category-link-interior"><span>Meat &amp; Fish</span></div></div></a><div class="category-expansion expansion"><div class="category-expansion__content"><a class="category-expansion__item" href="https://www.goodeggs.com/sfbay/meat-fish#meat-fish-featured">Barbecue is Back</a><a class="category-expansion__item" href="https://www.goodeggs.com/sfbay/meat-fish#meat-gek">Good Eggs Kitchen</a><a class="category-expansion__item" href="https://www.goodeggs.com/sfbay/meat-fish#meat-fish-poultry">Poultry</a><a class="category-expansion__item" href="https://www.goodeggs.com/sfbay/meat-fish#meat-fish-bacon">Sausage &amp; Bacon</a><a class="category-expansion__item" href="https://www.goodeggs.com/sfbay/meat-fish#meat-fish-beef">Beef</a><a class="category-expansion__item" href="https://www.goodeggs.com/sfbay/meat-fish#meat-fish-pork">Pork</a><a class="category-expansion__item" href="https://www.goodeggs.com/sfbay/meat-fish#meat-fish-lamb">Lamb &amp; Game Meat</a><a class="category-expansion__item" href="https://www.goodeggs.com/sfbay/meat-fish#meat-fish-deli-charcuterie">Deli Meat &amp; Charcuterie</a><a class="category-expansion__item" href="https://www.goodeggs.com/sfbay/meat-fish#meat-fish-sausage-jerky">Jerky</a><a class="category-expansion__item" href="https://www.goodeggs.com/sfbay/meat-fish#meat-fish-fish">Fish &amp; Shellfish</a><a class="category-expansion__item" href="https://www.goodeggs.com/sfbay/meat-fish#meat-fish-smoked">Smoked &amp; Canned Fish</a><a class="category-expansion__item" href="https://www.goodeggs.com/sfbay/meat-fish#meat-fish-rubs-marinades">Rubs &amp; Marinades</a><a class="category-expansion__item" href="https://www.goodeggs.com/sfbay/meat-fish#meat-fish-bones-offal">Bones &amp; Offal</a></div></div></div><div class="sticky-desktop-header__category sticky-desktop-header__category-prepared"><a class="remote sticky-desktop-header__category-link" href="https://www.goodeggs.com/sfbay/prepared" data-slug="prepared"><div class="sticky-desktop-header__category-link-interior"><div class="sticky-desktop-header__category-link-interior"><span>Prepared</span></div></div></a><div class="category-expansion expansion"><div class="category-expansion__content"><a class="category-expansion__item" href="https://www.goodeggs.com/sfbay/prepared#featured-prepared">Memorial Day Favorites</a><a class="category-expansion__item" href="https://www.goodeggs.com/sfbay/prepared#good-eggs-kitchen">Good Eggs Kitchen</a><a class="category-expansion__item" href="https://www.goodeggs.com/sfbay/prepared#meals-entrees">Entrees</a><a class="category-expansion__item" href="https://www.goodeggs.com/sfbay/prepared#meals-sides-and-salads">Sides &amp; Salads</a><a class="category-expansion__item" href="https://www.goodeggs.com/sfbay/prepared#meals-soups-stews">Soups &amp; Stews</a><a class="category-expansion__item" href="https://www.goodeggs.com/sfbay/prepared#meals-pasta">Pasta &amp; Sauce</a><a class="category-expansion__item" href="https://www.goodeggs.com/sfbay/prepared#meals-pizza">Pizza</a><a class="category-expansion__item" href="https://www.goodeggs.com/sfbay/prepared#meals-frozen">Frozen</a><a class="category-expansion__item" href="https://www.goodeggs.com/sfbay/prepared#meals-vegan-raw">Vegan &amp; Raw</a></div></div></div><div class="sticky-desktop-header__category sticky-desktop-header__category-alcohol"><a class="remote sticky-desktop-header__category-link" href="https://www.goodeggs.com/sfbay/alcohol" data-slug="alcohol"><div class="sticky-desktop-header__category-link-interior"><div class="sticky-desktop-header__category-link-interior"><span>Alcohol</span></div></div></a><div class="category-expansion expansion"><div class="category-expansion__content"><a class="category-expansion__item" href="https://www.goodeggs.com/sfbay/alcohol#alcohol-featured">Perfect for Picnicking</a><a class="category-expansion__item" href="https://www.goodeggs.com/sfbay/alcohol#alcohol-beer">Beer</a><a class="category-expansion__item" href="https://www.goodeggs.com/sfbay/alcohol#alcohol-spirits">Spirits</a><a class="category-expansion__item" href="https://www.goodeggs.com/sfbay/alcohol#alcohol-canned-cocktails">Canned Cocktails</a><a class="category-expansion__item" href="https://www.goodeggs.com/sfbay/alcohol#alcohol-red-wine">Red Wine</a><a class="category-expansion__item" href="https://www.goodeggs.com/sfbay/alcohol#alcohol-white-wine">White Wine</a><a class="category-expansion__item" href="https://www.goodeggs.com/sfbay/alcohol#alcohol-rose-wine">Rosé Wine</a><a class="category-expansion__item" href="https://www.goodeggs.com/sfbay/alcohol#alcohol-sparkling-wine">Sparkling Wine</a><a class="category-expansion__item" href="https://www.goodeggs.com/sfbay/alcohol#alcohol-canned-wine">Canned Wine</a><a class="category-expansion__item" href="https://www.goodeggs.com/sfbay/alcohol#alcohol-fortified-wine">Fortified Wine</a><a class="category-expansion__item" href="https://www.goodeggs.com/sfbay/alcohol#alcohol-cider">Hard Cider</a><a class="category-expansion__item" href="https://www.goodeggs.com/sfbay/alcohol#alcohol-sake">Sake</a><a class="category-expansion__item" href="https://www.goodeggs.com/sfbay/alcohol#alcohol-wine-under-15">Wines Under $15</a><a class="category-expansion__item" href="https://www.goodeggs.com/sfbay/alcohol#alcohol-collections">Wine &amp; Cocktail Collections</a></div></div></div><div class="sticky-desktop-header__category sticky-desktop-header__category-snacks"><a class="remote sticky-desktop-header__category-link" href="https://www.goodeggs.com/sfbay/snacks" data-slug="snacks"><div class="sticky-desktop-header__category-link-interior"><div class="sticky-desktop-header__category-link-interior"><span>Snacks</span></div></div></a><div class="category-expansion expansion"><div class="category-expansion__content"><a class="category-expansion__item" href="https://www.goodeggs.com/sfbay/snacks#snacks-featured">Lunchbox Snacks</a><a class="category-expansion__item" href="https://www.goodeggs.com/sfbay/snacks#snacks-gek">Good Eggs Kitchen</a><a class="category-expansion__item" href="https://www.goodeggs.com/sfbay/snacks#snacks-bars">Bars</a><a class="category-expansion__item" href="https://www.goodeggs.com/sfbay/snacks#snacks-chips">Chips</a><a class="category-expansion__item" href="https://www.goodeggs.com/sfbay/snacks#snacks-crackers">Crackers</a><a class="category-expansion__item" href="https://www.goodeggs.com/sfbay/snacks#snacks-salsa-dips">Salsa &amp; Dips</a><a class="category-expansion__item" href="https://www.goodeggs.com/sfbay/snacks#snacks-dried-fruit-nuts">Dried Fruit &amp; Nuts</a><a class="category-expansion__item" href="https://www.goodeggs.com/sfbay/snacks#snacks-savory-snacks">Savory Snacks</a><a class="category-expansion__item" href="https://www.goodeggs.com/sfbay/snacks#snacks-pickles-olives">Pickles &amp; Olives</a><a class="category-expansion__item" href="https://www.goodeggs.com/sfbay/snacks#snacks-chocolate-bars-sweets">Chocolate &amp; Candy</a><a class="category-expansion__item" href="https://www.goodeggs.com/sfbay/snacks#snacks-cookies">Cookies</a><a class="category-expansion__item" href="https://www.goodeggs.com/sfbay/snacks#snacks-gf-cookies">Gluten-Free Cookies</a></div></div></div><div class="sticky-desktop-header__category sticky-desktop-header__category-drinks"><a class="remote sticky-desktop-header__category-link" href="https://www.goodeggs.com/sfbay/drinks" data-slug="drinks"><div class="sticky-desktop-header__category-link-interior"><div class="sticky-desktop-header__category-link-interior"><span>Drinks</span></div></div></a><div class="category-expansion expansion"><div class="category-expansion__content"><a class="category-expansion__item" href="https://www.goodeggs.com/sfbay/drinks#drinks-featured">Iced Brews</a><a class="category-expansion__item" href="https://www.goodeggs.com/sfbay/drinks#drinks-juice">Juice &amp; Smoothies</a><a class="category-expansion__item" href="https://www.goodeggs.com/sfbay/drinks#drinks-water-seltzer">Water &amp; Seltzer</a><a class="category-expansion__item" href="https://www.goodeggs.com/sfbay/drinks#drinks-soda">Soda</a><a class="category-expansion__item" href="https://www.goodeggs.com/sfbay/drinks#drinks-kombucha">Kombucha &amp; Tonics</a><a class="category-expansion__item" href="https://www.goodeggs.com/sfbay/drinks#drinks-functional-beverages">Functional Beverages</a><a class="category-expansion__item" href="https://www.goodeggs.com/sfbay/drinks#drinks-coffee">Coffee</a><a class="category-expansion__item" href="https://www.goodeggs.com/sfbay/drinks#drinks-tea">Tea</a><a class="category-expansion__item" href="https://www.goodeggs.com/sfbay/drinks#drinks-cocoa">Cocoa</a><a class="category-expansion__item" href="https://www.goodeggs.com/sfbay/drinks#drinks-tonics-mixers">Mixers &amp; Concentrates</a></div></div></div><div class="sticky-desktop-header__category sticky-desktop-header__category-bakery"><a class="remote sticky-desktop-header__category-link" href="https://www.goodeggs.com/sfbay/bakery" data-slug="bakery"><div class="sticky-desktop-header__category-link-interior"><div class="sticky-desktop-header__category-link-interior"><span>Bakery</span></div></div></a><div class="category-expansion expansion"><div class="category-expansion__content"><a class="category-expansion__item" href="https://www.goodeggs.com/sfbay/bakery#bakery-featured">Potluck Sweets</a><a class="category-expansion__item" href="https://www.goodeggs.com/sfbay/bakery#bakery-bread">Bread</a><a class="category-expansion__item" href="https://www.goodeggs.com/sfbay/bakery#bakery-rolls-buns">Rolls &amp; Buns</a><a class="category-expansion__item" href="https://www.goodeggs.com/sfbay/bakery#bakery-bagels-pastries">Bagels &amp; Breakfast</a><a class="category-expansion__item" href="https://www.goodeggs.com/sfbay/bakery#bakery-tortillas-flatbread">Tortillas &amp; Flatbreads</a><a class="category-expansion__item" href="https://www.goodeggs.com/sfbay/bakery#bakery-cookies-brownies">Cookies &amp; Brownies</a><a class="category-expansion__item" href="https://www.goodeggs.com/sfbay/bakery#bakery-cakes-pies">Cakes &amp; Pies</a><a class="category-expansion__item" href="https://www.goodeggs.com/sfbay/bakery#bakery-gluten-free-bread">Gluten-Free Bread</a><a class="category-expansion__item" href="https://www.goodeggs.com/sfbay/bakery#bakery-gluten-free-baked-goods">Gluten-Free Baked Goods</a><a class="category-expansion__item" href="https://www.goodeggs.com/sfbay/bakery#bakery-batter-dough">Batter &amp; Dough</a></div></div></div><div class="sticky-desktop-header__category sticky-desktop-header__category-pantry"><a class="remote sticky-desktop-header__category-link" href="https://www.goodeggs.com/sfbay/pantry" data-slug="pantry"><div class="sticky-desktop-header__category-link-interior"><div class="sticky-desktop-header__category-link-interior"><span>Pantry</span></div></div></a><div class="category-expansion expansion"><div class="category-expansion__content"><a class="category-expansion__item" href="https://www.goodeggs.com/sfbay/pantry#pantry-featured">New to the Market</a><a class="category-expansion__item" href="https://www.goodeggs.com/sfbay/pantry#pantry-gek">Good Eggs Kitchen</a><a class="category-expansion__item" href="https://www.goodeggs.com/sfbay/pantry#pantry-granola-cereal">Cereal &amp; Granola</a><a class="category-expansion__item" href="https://www.goodeggs.com/sfbay/pantry#pantry-nut-butters-fruit-spreads">Nut Butters &amp; Fruit Spreads</a><a class="category-expansion__item" href="https://www.goodeggs.com/sfbay/pantry#pantry-pasta-sauce">Pasta &amp; Sauce</a><a class="category-expansion__item" href="https://www.goodeggs.com/sfbay/pantry#pantry-grains-rice-beans">Grains, Rice &amp; Dried Beans</a><a class="category-expansion__item" href="https://www.goodeggs.com/sfbay/pantry#pantry-canned-goods">Canned &amp; Jarred</a><a class="category-expansion__item" href="https://www.goodeggs.com/sfbay/pantry#pantry-pickles-olives">Pickles &amp; Olives</a><a class="category-expansion__item" href="https://www.goodeggs.com/sfbay/pantry#pantry-baking-ingredients">Baking Ingredients</a><a class="category-expansion__item" href="https://www.goodeggs.com/sfbay/pantry#pantry-baking-gluten-free">Gluten-Free &amp; Paleo Baking</a><a class="category-expansion__item" href="https://www.goodeggs.com/sfbay/pantry#sugars-sweeteners">Sugars &amp; Sweeteners</a><a class="category-expansion__item" href="https://www.goodeggs.com/sfbay/pantry#pantry-oil-vinegar">Oil &amp; Vinegar</a><a class="category-expansion__item" href="https://www.goodeggs.com/sfbay/pantry#pantry-stocks-broths">Stocks &amp; Broths</a><a class="category-expansion__item" href="https://www.goodeggs.com/sfbay/pantry#pantry-sauces-condiments">Sauces &amp; Condiments</a><a class="category-expansion__item" href="https://www.goodeggs.com/sfbay/pantry#pantry-herbs-spices">Herbs &amp; Spices</a><a class="category-expansion__item" href="https://www.goodeggs.com/sfbay/pantry#pantry-baby-food">Baby Food</a></div></div></div><div class="sticky-desktop-header__category sticky-desktop-header__category-health-home current"><a class="remote sticky-desktop-header__category-link" href="https://www.goodeggs.com/sfbay/health-home" data-slug="health-home"><div class="sticky-desktop-header__category-link-interior"><div class="sticky-desktop-header__category-link-interior"><span>Health &amp; Home</span></div></div></a><div class="category-expansion expansion"><div class="category-expansion__content"><a class="category-expansion__item" href="https://www.goodeggs.com/sfbay/health-home#health-home-cleaning">Cleaning</a><a class="category-expansion__item" href="https://www.goodeggs.com/sfbay/health-home#health-home-laundry">Laundry</a><a class="category-expansion__item" href="https://www.goodeggs.com/sfbay/health-home#health-home-kitchen">Kitchen Essentials</a><a class="category-expansion__item" href="https://www.goodeggs.com/sfbay/health-home#health-home-paper">Paper Goods</a><a class="category-expansion__item" href="https://www.goodeggs.com/sfbay/health-home#health-home-trash">Trash &amp; Compost</a><a class="category-expansion__item" href="https://www.goodeggs.com/sfbay/health-home#health-home-hygiene">Personal Care</a><a class="category-expansion__item" href="https://www.goodeggs.com/sfbay/health-home#health-home-wellness">Wellness</a><a class="category-expansion__item" href="https://www.goodeggs.com/sfbay/health-home#health-home-bath-body">Bath &amp; Body</a><a class="category-expansion__item" href="https://www.goodeggs.com/sfbay/health-home#health-home-vitamins-supplements">Vitamins &amp; Supplements</a><a class="category-expansion__item" href="https://www.goodeggs.com/sfbay/health-home#health-home-homekeeping">Homekeeping</a></div></div></div><div class="sticky-desktop-header__category sticky-desktop-header__category-more"><a class="remote sticky-desktop-header__category-link" href="https://www.goodeggs.com/sfbay/health-home" data-slug="more"><div class="sticky-desktop-header__category-link-interior"><div class="sticky-desktop-header__category-link-interior"><span>More ▾</span></div></div></a><div class="category-expansion expansion"><div class="category-expansion__content"><a class="category-expansion__item" href="https://www.goodeggs.com/sfbay/pantry">Pantry</a><a class="category-expansion__item" href="https://www.goodeggs.com/sfbay/health-home">Health &amp; Home</a></div></div></div><div class="right-border sticky-desktop-header__category"></div><div class="sticky-desktop-header__category"><a class="remote sticky-desktop-header__category-link" href="https://www.goodeggs.com/sfbay/reorder" data-slug="reorder"><div class="sticky-desktop-header__category-link-interior">Reorder</div></a></div><div class="sticky-desktop-header__search-container"><a class="remote" href="https://www.goodeggs.com/sfbay/search"><i class="icon icon-search"></i></a></div></div></div><div class="desktop-header__basket-container sticky-desktop-header__basket_container"><a class="js-header__basket sticky-desktop-header__basket basket-button basket remote" href="https://www.goodeggs.com/basket"><i class="basket-button__icon icon icon-basket-2"><div class="basket-button__item-count icon__inner-content js-header-basket-item-count">0</div></i></a></div></div></div></div><div class="basket-expansion expansion"><div class="basket-expansion__container page-boundary"><div class="basket-expansion__content expansion-content js-basket-expansion-content"><div class="js-basket-view"><div class="basket-expansion__header"><i class="icon icon-truck"></i><div class="basket-expansion__header-message"><span>Order by</span><span class="basket-expansion__header-message__time"> 1pm tomorrow </span><span>for delivery <!-- -->tomorrow</span></div></div><div class="basket-expansion__basket-view"><div class="basket-expansion-basket-view__items"><div class="basket-expansion-inline-totals"><div class="basket-expansion-inline-totals__row basket-expansion-inline-totals__row-subtotal"><div class="basket-expansion-inline-totals__amount basket-expansion-inline-totals__subtotal">$0.00</div><div class="basket-expansion-inline-totals__description"><span>Subtotal</span></div></div></div></div><div class="basket-expansion-continue__progress"><div class="basket-expansion-continue__progress-header">$30<!-- --> minimum — Continue shopping</div></div><div class="basket-expansion-continue disabled"> Checkout </div></div></div></div></div></div></div></div><div></div></div><div class="deck-view"><div class="card card-main active" data-card="main"><div class="content-container"><div class="content"><div class="product-listings-page__sidebar"><div id="market-sidebar" class="market-sidebar stuck" style="top: 55px;"><div class="market-sidebar__content"><div><a class="market-sidebar__menu-group-title" href="https://www.goodeggs.com/sfbay/health-home#health-home-cleaning">Cleaning</a><div class="market-sidebar__menu-group"><div class="market-sidebar__menu-item-spacer"></div><a class="market-sidebar__menu-item" href="https://www.goodeggs.com/sfbay/health-home#health-home-cleaning-cleaning-dishes">Dishwashing</a><div class="market-sidebar__menu-item-spacer"></div><div class="market-sidebar__menu-item-spacer"></div><a class="market-sidebar__menu-item" href="https://www.goodeggs.com/sfbay/health-home#health-home-cleaning-cleaning-soap">Hand Soap &amp; Sanitizer</a><div class="market-sidebar__menu-item-spacer"></div><div class="market-sidebar__menu-item-spacer"></div><a class="market-sidebar__menu-item" href="https://www.goodeggs.com/sfbay/health-home#health-home-cleaning-cleaning-household">Household Cleaners</a><div class="market-sidebar__menu-item-spacer"></div></div></div><div><a class="market-sidebar__menu-group-title" href="https://www.goodeggs.com/sfbay/health-home#health-home-laundry">Laundry</a><div class="market-sidebar__menu-group"></div></div><div><a class="market-sidebar__menu-group-title" href="https://www.goodeggs.com/sfbay/health-home#health-home-kitchen">Kitchen Essentials</a><div class="market-sidebar__menu-group"><div class="market-sidebar__menu-item-spacer"></div><a class="market-sidebar__menu-item" href="https://www.goodeggs.com/sfbay/health-home#health-home-kitchen-kitchen-wraps">Wraps &amp; Foils</a><div class="market-sidebar__menu-item-spacer"></div><div class="market-sidebar__menu-item-spacer"></div><a class="market-sidebar__menu-item" href="https://www.goodeggs.com/sfbay/health-home#health-home-kitchen-kitchen-compostables">Compostable Tableware</a><div class="market-sidebar__menu-item-spacer"></div><div class="market-sidebar__menu-item-spacer"></div><a class="market-sidebar__menu-item" href="https://www.goodeggs.com/sfbay/health-home#health-home-kitchen-kitchen-filters">Coffee &amp; Tea Filters</a><div class="market-sidebar__menu-item-spacer"></div><div class="market-sidebar__menu-item-spacer"></div><a class="market-sidebar__menu-item" href="https://www.goodeggs.com/sfbay/health-home#health-home-kitchen-kitchen-ware">Cookware &amp; Bakeware</a><div class="market-sidebar__menu-item-spacer"></div><div class="market-sidebar__menu-item-spacer"></div><a class="market-sidebar__menu-item" href="https://www.goodeggs.com/sfbay/health-home#health-home-kitchen-kitchen-storage">Food Storage</a><div class="market-sidebar__menu-item-spacer"></div></div></div><div><a class="market-sidebar__menu-group-title" href="https://www.goodeggs.com/sfbay/health-home#health-home-paper">Paper Goods</a><div class="market-sidebar__menu-group"></div></div><div><a class="market-sidebar__menu-group-title" href="https://www.goodeggs.com/sfbay/health-home#health-home-trash">Trash &amp; Compost</a><div class="market-sidebar__menu-group"></div></div><div><a class="market-sidebar__menu-group-title" href="https://www.goodeggs.com/sfbay/health-home#health-home-hygiene">Personal Care</a><div class="market-sidebar__menu-group"></div></div><div><a class="market-sidebar__menu-group-title" href="https://www.goodeggs.com/sfbay/health-home#health-home-wellness">Wellness</a><div class="market-sidebar__menu-group"><div class="market-sidebar__menu-item-spacer"></div><a class="market-sidebar__menu-item" href="https://www.goodeggs.com/sfbay/health-home#health-home-wellness-protein-energy-bars">Protein &amp; Energy Bars</a><div class="market-sidebar__menu-item-spacer"></div><div class="market-sidebar__menu-item-spacer"></div><a class="market-sidebar__menu-item" href="https://www.goodeggs.com/sfbay/health-home#health-home-wellness-functional-blends">Blends &amp; Boosts</a><div class="market-sidebar__menu-item-spacer"></div><div class="market-sidebar__menu-item-spacer"></div><a class="market-sidebar__menu-item" href="https://www.goodeggs.com/sfbay/health-home#health-home-wellness-wellness-shots">Wellness Shots</a><div class="market-sidebar__menu-item-spacer"></div><div class="market-sidebar__menu-item-spacer"></div><a class="market-sidebar__menu-item" href="https://www.goodeggs.com/sfbay/health-home#health-home-wellness-protein-powders">Protein Powders</a><div class="market-sidebar__menu-item-spacer"></div></div></div><div><a class="market-sidebar__menu-group-title" href="https://www.goodeggs.com/sfbay/health-home#health-home-bath-body">Bath &amp; Body</a><div class="market-sidebar__menu-group"><div class="market-sidebar__menu-item-spacer"></div><a class="market-sidebar__menu-item" href="https://www.goodeggs.com/sfbay/health-home#health-home-bath-body-bath-aromatherapy">Essential Oils &amp; Aromatherapy</a><div class="market-sidebar__menu-item-spacer"></div><div class="market-sidebar__menu-item-spacer"></div><a class="market-sidebar__menu-item" href="https://www.goodeggs.com/sfbay/health-home#health-home-bath-body-bath-soap">Soap &amp; Body Wash</a><div class="market-sidebar__menu-item-spacer"></div><div class="market-sidebar__menu-item-spacer"></div><a class="market-sidebar__menu-item" href="https://www.goodeggs.com/sfbay/health-home#health-home-bath-body-bath-deodorant">Deodorant</a><div class="market-sidebar__menu-item-spacer"></div><div class="market-sidebar__menu-item-spacer"></div><a class="market-sidebar__menu-item" href="https://www.goodeggs.com/sfbay/health-home#health-home-bath-body-bath-hair">Hair Care</a><div class="market-sidebar__menu-item-spacer"></div><div class="market-sidebar__menu-item-spacer"></div><a class="market-sidebar__menu-item" href="https://www.goodeggs.com/sfbay/health-home#health-home-bath-body-bath-sanitizer">Hand Sanitizer &amp; Masks</a><div class="market-sidebar__menu-item-spacer"></div><div class="market-sidebar__menu-item-spacer"></div><a class="market-sidebar__menu-item" href="https://www.goodeggs.com/sfbay/health-home#health-home-bath-body-bath-lotions">Lotions &amp; Moisturizers</a><div class="market-sidebar__menu-item-spacer"></div></div></div><div><a class="market-sidebar__menu-group-title" href="https://www.goodeggs.com/sfbay/health-home#health-home-vitamins-supplements">Vitamins &amp; Supplements</a><div class="market-sidebar__menu-group"><div class="market-sidebar__menu-item-spacer"></div><a class="market-sidebar__menu-item" href="https://www.goodeggs.com/sfbay/health-home#health-home-vitamins-supplements-vitamins-sleep">Sleep &amp; Stress</a><div class="market-sidebar__menu-item-spacer"></div><div class="market-sidebar__menu-item-spacer"></div><a class="market-sidebar__menu-item" href="https://www.goodeggs.com/sfbay/health-home#health-home-vitamins-supplements-vitamins-gummies">Gummies</a><div class="market-sidebar__menu-item-spacer"></div><div class="market-sidebar__menu-item-spacer"></div><a class="market-sidebar__menu-item" href="https://www.goodeggs.com/sfbay/health-home#health-home-vitamins-supplements-vitamins-omegas">Omegas &amp; Fish Oil</a><div class="market-sidebar__menu-item-spacer"></div><div class="market-sidebar__menu-item-spacer"></div><a class="market-sidebar__menu-item" href="https://www.goodeggs.com/sfbay/health-home#health-home-vitamins-supplements-multivitamins">Multivitamins</a><div class="market-sidebar__menu-item-spacer"></div><div class="market-sidebar__menu-item-spacer"></div><a class="market-sidebar__menu-item" href="https://www.goodeggs.com/sfbay/health-home#health-home-vitamins-supplements-letter-vitamins">Letter Vitamins</a><div class="market-sidebar__menu-item-spacer"></div><div class="market-sidebar__menu-item-spacer"></div><a class="market-sidebar__menu-item" href="https://www.goodeggs.com/sfbay/health-home#health-home-vitamins-supplements-vitamins-probiotics">Probiotics &amp; Digestion</a><div class="market-sidebar__menu-item-spacer"></div><div class="market-sidebar__menu-item-spacer"></div><a class="market-sidebar__menu-item" href="https://www.goodeggs.com/sfbay/health-home#health-home-vitamins-supplements-vitamins-homeopathy">Herbs &amp; Homeopathy</a><div class="market-sidebar__menu-item-spacer"></div><div class="market-sidebar__menu-item-spacer"></div><a class="market-sidebar__menu-item" href="https://www.goodeggs.com/sfbay/health-home#health-home-vitamins-supplements-vitamins-natal">Prenatal &amp; Postnatal</a><div class="market-sidebar__menu-item-spacer"></div><div class="market-sidebar__menu-item-spacer"></div><a class="market-sidebar__menu-item" href="https://www.goodeggs.com/sfbay/health-home#health-home-vitamins-supplements-vitamins-extracts">Tinctures &amp; Extracts</a><div class="market-sidebar__menu-item-spacer"></div><div class="market-sidebar__menu-item-spacer"></div><a class="market-sidebar__menu-item" href="https://www.goodeggs.com/sfbay/health-home#health-home-vitamins-supplements-vitamins-immunity">Immunity</a><div class="market-sidebar__menu-item-spacer"></div></div></div><div><a class="market-sidebar__menu-group-title selected" href="https://www.goodeggs.com/sfbay/health-home#health-home-homekeeping">Homekeeping</a><div class="market-sidebar__menu-group expanded"></div></div></div></div></div><div class="products-page product-listings-view with-sidebar"><div class="product-tiles"><div class="product-listings-view__subcategory-anchor" id="health-home-cleaning"></div><h2 class="listings-section-header">Cleaning</h2><div id="cleaning-dishes" class="section-page"><div class="product-listings-view__section-anchor" id="health-home-cleaning-cleaning-dishes"></div><h3 class="listings-section-header">Dishwashing</h3><div class="page"><div class="grid-items"><div class="grid-item" data-product-id="5bd79a1352afce000f044dd5"><div class="product-tile product-tile--compact product-tile--market" data-id="5bd79a1352afce000f044dd5"><div class="product-tile__favorite not-favorited"><div><div class="product-tile__favorite-circle"><svg class="product-tile__favorite-heart" viewBox="8.9 7.8 18 16.633654"><path d="m 17.89989,23.433653 c 0.631042,-0.630881 4.233291,-4.23521 6.485296,-6.486896 2.017605,-2.017765 1.974565,-4.958732 0.140161,-6.783217 -1.834405,-1.8249642 -4.800652,-1.8169641 -6.625457,0.0176 -1.824645,-1.8345641 -4.790892,-1.8425642 -6.625297,-0.0176 -1.8344041,1.824485 -1.8772842,4.765452 0.140161,6.783217 2.251845,2.251686 5.854574,5.856015 6.485136,6.486896 l 0,0 z"></path></svg></div></div></div><div class="product-tile__product-visuals"><a class="js-product-tile__product-photo-wrapper js-product-photo-link js-product-link" data-alt="Free &amp; Clear Dish Soap" data-src="https://goodeggs4.imgix.net/fd484b64-d465-428e-bef5-6f6ce1fd8aab.jpg?w=380&amp;h=238&amp;fm=jpg&amp;auto=compress&amp;fit=crop" href="https://www.goodeggs.com/sfbay/ecossfbay/free-clear-dish-soap/5bd79a1352afce000f044dd5"><img class="product-tile__product-photo" alt="Free &amp; Clear Dish Soap" src="./Health &amp; Home _ SF Bay _ Good Eggs_files/fd484b64-d465-428e-bef5-6f6ce1fd8aab.jpg"></a><div class="product-tile__product-photo-tinter"></div><div class="product-tile__quick-add"><div class="product-tile__quick-add-count is-transparent"><div class="product-tile__quick-add-quantity"><div class="product-tile__quantity-spinner product-tile__quantity-spinner__quantity js-quantity-indicator">1</div><div class="product-tile__quantity-spinner product-tile__quantity-spinner__previous-quantity js-quantity-indicator">1</div></div><div class="product-tile__quick-add-quantity-label"><div class="product-tile__quick-add-quantity-label-result">added</div><div class="product-tile__quick-add-quantity-label-summary">in your basket</div></div><div class="product-tile__quick-add-gift"><i class="icon icon-share-gift"></i></div><div class="product-tile__quick-add-gift-label"><div class="product-tile__quick-add-gift-summary">Gift in your basket</div></div></div><div class="product-tile__quick-add-buttons"><button class="btn product-tile__quick-add-button product-tile__quick-add-button-remove js-product-tile__quick-remove"><div class="product-tile__quick-add-minus"></div></button><button class="btn product-tile__quick-add-button product-tile__quick-add-button-add js-product-tile__quick-add"><div class="product-tile__quick-add-plus"></div></button></div></div></div><div class="product-tile__product-info"><div class="product-tile__product-name-and-details"><a class="js-producer-link" href="https://www.goodeggs.com/ecossfbay"><div class="product-tile__producer-name">ECOS</div></a><a class="js-product-link" href="https://www.goodeggs.com/sfbay/ecossfbay/free-clear-dish-soap/5bd79a1352afce000f044dd5"><h5 class="product-tile__product-name">Free &amp; Clear Dish Soap</h5></a></div><div class="product-tile__price-info product-tile-collapsing-row clearfix"><div class="product-tile__purchase-price product-tile-collapsing-row__fixed-right"><div class="split-price"><span class="split-price__dollars">3</span><span class="split-price__cents">99</span></div></div><div class="product-tile__comparison-price product-tile-collapsing-row__secondary-info"><span class="price-per">$0.16 </span>/<!-- --> <span class="per-unit">oz</span></div><div class="product-tile__purchase-unit product-tile-collapsing-row__primary-info">25 oz</div></div></div></div></div><div class="grid-item" data-product-id="5bd79b8552afce000f044de8"><div class="product-tile product-tile--compact product-tile--market" data-id="5bd79b8552afce000f044de8"><div class="product-tile__favorite not-favorited"><div><div class="product-tile__favorite-circle"><svg class="product-tile__favorite-heart" viewBox="8.9 7.8 18 16.633654"><path d="m 17.89989,23.433653 c 0.631042,-0.630881 4.233291,-4.23521 6.485296,-6.486896 2.017605,-2.017765 1.974565,-4.958732 0.140161,-6.783217 -1.834405,-1.8249642 -4.800652,-1.8169641 -6.625457,0.0176 -1.824645,-1.8345641 -4.790892,-1.8425642 -6.625297,-0.0176 -1.8344041,1.824485 -1.8772842,4.765452 0.140161,6.783217 2.251845,2.251686 5.854574,5.856015 6.485136,6.486896 l 0,0 z"></path></svg></div></div></div><div class="product-tile__product-visuals"><a class="js-product-tile__product-photo-wrapper js-product-photo-link js-product-link" data-alt="Grapefruit Dish Soap" data-src="https://goodeggs4.imgix.net/39314ca3-4758-4ace-af09-035e1ace07b4.jpg?w=380&amp;h=238&amp;fm=jpg&amp;auto=compress&amp;fit=crop" href="https://www.goodeggs.com/sfbay/ecossfbay/grapefruit-dish-soap/5bd79b8552afce000f044de8"><img class="product-tile__product-photo" alt="Grapefruit Dish Soap" src="./Health &amp; Home _ SF Bay _ Good Eggs_files/39314ca3-4758-4ace-af09-035e1ace07b4.jpg"></a><div class="product-tile__product-photo-tinter"></div><div class="product-tile__quick-add"><div class="product-tile__quick-add-count is-transparent"><div class="product-tile__quick-add-quantity"><div class="product-tile__quantity-spinner product-tile__quantity-spinner__quantity js-quantity-indicator">1</div><div class="product-tile__quantity-spinner product-tile__quantity-spinner__previous-quantity js-quantity-indicator">1</div></div><div class="product-tile__quick-add-quantity-label"><div class="product-tile__quick-add-quantity-label-result">added</div><div class="product-tile__quick-add-quantity-label-summary">in your basket</div></div><div class="product-tile__quick-add-gift"><i class="icon icon-share-gift"></i></div><div class="product-tile__quick-add-gift-label"><div class="product-tile__quick-add-gift-summary">Gift in your basket</div></div></div><div class="product-tile__quick-add-buttons"><button class="btn product-tile__quick-add-button product-tile__quick-add-button-remove js-product-tile__quick-remove"><div class="product-tile__quick-add-minus"></div></button><button class="btn product-tile__quick-add-button product-tile__quick-add-button-add js-product-tile__quick-add"><div class="product-tile__quick-add-plus"></div></button></div></div></div><div class="product-tile__product-info"><div class="product-tile__product-name-and-details"><a class="js-producer-link" href="https://www.goodeggs.com/ecossfbay"><div class="product-tile__producer-name">ECOS</div></a><a class="js-product-link" href="https://www.goodeggs.com/sfbay/ecossfbay/grapefruit-dish-soap/5bd79b8552afce000f044de8"><h5 class="product-tile__product-name">Grapefruit Dish Soap</h5></a></div><div class="product-tile__price-info product-tile-collapsing-row clearfix"><div class="product-tile__purchase-price product-tile-collapsing-row__fixed-right"><div class="split-price"><span class="split-price__dollars">3</span><span class="split-price__cents">99</span></div></div><div class="product-tile__comparison-price product-tile-collapsing-row__secondary-info"><span class="price-per">$0.16 </span>/<!-- --> <span class="per-unit">oz</span></div><div class="product-tile__purchase-unit product-tile-collapsing-row__primary-info">25 oz</div></div></div></div></div><div class="grid-item" data-product-id="5bd79c2a52afce000f044e0d"><div class="product-tile product-tile--compact product-tile--market" data-id="5bd79c2a52afce000f044e0d"><div class="product-tile__favorite not-favorited"><div><div class="product-tile__favorite-circle"><svg class="product-tile__favorite-heart" viewBox="8.9 7.8 18 16.633654"><path d="m 17.89989,23.433653 c 0.631042,-0.630881 4.233291,-4.23521 6.485296,-6.486896 2.017605,-2.017765 1.974565,-4.958732 0.140161,-6.783217 -1.834405,-1.8249642 -4.800652,-1.8169641 -6.625457,0.0176 -1.824645,-1.8345641 -4.790892,-1.8425642 -6.625297,-0.0176 -1.8344041,1.824485 -1.8772842,4.765452 0.140161,6.783217 2.251845,2.251686 5.854574,5.856015 6.485136,6.486896 l 0,0 z"></path></svg></div></div></div><div class="product-tile__product-visuals"><a class="js-product-tile__product-photo-wrapper js-product-photo-link js-product-link" data-alt="Lavender Dish Soap" data-src="https://goodeggs4.imgix.net/42bff9f1-6195-4a4c-b93e-9da3b60688bb.jpg?w=380&amp;h=238&amp;fm=jpg&amp;auto=compress&amp;fit=crop" href="https://www.goodeggs.com/sfbay/ecossfbay/lavender-dish-soap/5bd79c2a52afce000f044e0d"><img class="product-tile__product-photo" alt="Lavender Dish Soap" src="./Health &amp; Home _ SF Bay _ Good Eggs_files/42bff9f1-6195-4a4c-b93e-9da3b60688bb.jpg"></a><div class="product-tile__product-photo-tinter"></div><div class="product-tile__quick-add"><div class="product-tile__quick-add-count is-transparent"><div class="product-tile__quick-add-quantity"><div class="product-tile__quantity-spinner product-tile__quantity-spinner__quantity js-quantity-indicator">1</div><div class="product-tile__quantity-spinner product-tile__quantity-spinner__previous-quantity js-quantity-indicator">1</div></div><div class="product-tile__quick-add-quantity-label"><div class="product-tile__quick-add-quantity-label-result">added</div><div class="product-tile__quick-add-quantity-label-summary">in your basket</div></div><div class="product-tile__quick-add-gift"><i class="icon icon-share-gift"></i></div><div class="product-tile__quick-add-gift-label"><div class="product-tile__quick-add-gift-summary">Gift in your basket</div></div></div><div class="product-tile__quick-add-buttons"><button class="btn product-tile__quick-add-button product-tile__quick-add-button-remove js-product-tile__quick-remove"><div class="product-tile__quick-add-minus"></div></button><button class="btn product-tile__quick-add-button product-tile__quick-add-button-add js-product-tile__quick-add"><div class="product-tile__quick-add-plus"></div></button></div></div></div><div class="product-tile__product-info"><div class="product-tile__product-name-and-details"><a class="js-producer-link" href="https://www.goodeggs.com/ecossfbay"><div class="product-tile__producer-name">ECOS</div></a><a class="js-product-link" href="https://www.goodeggs.com/sfbay/ecossfbay/lavender-dish-soap/5bd79c2a52afce000f044e0d"><h5 class="product-tile__product-name">Lavender Dish Soap</h5></a></div><div class="product-tile__price-info product-tile-collapsing-row clearfix"><div class="product-tile__purchase-price product-tile-collapsing-row__fixed-right"><div class="split-price"><span class="split-price__dollars">3</span><span class="split-price__cents">99</span></div></div><div class="product-tile__comparison-price product-tile-collapsing-row__secondary-info"><span class="price-per">$0.16 </span>/<!-- --> <span class="per-unit">oz</span></div><div class="product-tile__purchase-unit product-tile-collapsing-row__primary-info">25 oz</div></div></div></div></div><div class="grid-item" data-product-id="5bd79f04ddee9d000fdfe61d"><div class="product-tile product-tile--compact product-tile--market" data-id="5bd79f04ddee9d000fdfe61d"><div class="product-tile__favorite not-favorited"><div><div class="product-tile__favorite-circle"><svg class="product-tile__favorite-heart" viewBox="8.9 7.8 18 16.633654"><path d="m 17.89989,23.433653 c 0.631042,-0.630881 4.233291,-4.23521 6.485296,-6.486896 2.017605,-2.017765 1.974565,-4.958732 0.140161,-6.783217 -1.834405,-1.8249642 -4.800652,-1.8169641 -6.625457,0.0176 -1.824645,-1.8345641 -4.790892,-1.8425642 -6.625297,-0.0176 -1.8344041,1.824485 -1.8772842,4.765452 0.140161,6.783217 2.251845,2.251686 5.854574,5.856015 6.485136,6.486896 l 0,0 z"></path></svg></div></div></div><div class="product-tile__product-visuals"><a class="js-product-tile__product-photo-wrapper js-product-photo-link js-product-link" data-alt="Free &amp; Clear Dishwasher Gel" data-src="https://goodeggs4.imgix.net/26080daf-f57e-40aa-84ce-c5e74e0d8af4.jpg?w=380&amp;h=238&amp;fm=jpg&amp;auto=compress&amp;fit=crop" href="https://www.goodeggs.com/sfbay/ecossfbay/free-clear-dishwasher-gel/5bd79f04ddee9d000fdfe61d"><img class="product-tile__product-photo" alt="Free &amp; Clear Dishwasher Gel" src="./Health &amp; Home _ SF Bay _ Good Eggs_files/26080daf-f57e-40aa-84ce-c5e74e0d8af4.jpg"></a><div class="product-tile__product-photo-tinter"></div><div class="product-tile__quick-add"><div class="product-tile__quick-add-count is-transparent"><div class="product-tile__quick-add-quantity"><div class="product-tile__quantity-spinner product-tile__quantity-spinner__quantity js-quantity-indicator">1</div><div class="product-tile__quantity-spinner product-tile__quantity-spinner__previous-quantity js-quantity-indicator">1</div></div><div class="product-tile__quick-add-quantity-label"><div class="product-tile__quick-add-quantity-label-result">added</div><div class="product-tile__quick-add-quantity-label-summary">in your basket</div></div><div class="product-tile__quick-add-gift"><i class="icon icon-share-gift"></i></div><div class="product-tile__quick-add-gift-label"><div class="product-tile__quick-add-gift-summary">Gift in your basket</div></div></div><div class="product-tile__quick-add-buttons"><button class="btn product-tile__quick-add-button product-tile__quick-add-button-remove js-product-tile__quick-remove"><div class="product-tile__quick-add-minus"></div></button><button class="btn product-tile__quick-add-button product-tile__quick-add-button-add js-product-tile__quick-add"><div class="product-tile__quick-add-plus"></div></button></div></div></div><div class="product-tile__product-info"><div class="product-tile__product-name-and-details"><a class="js-producer-link" href="https://www.goodeggs.com/ecossfbay"><div class="product-tile__producer-name">ECOS</div></a><a class="js-product-link" href="https://www.goodeggs.com/sfbay/ecossfbay/free-clear-dishwasher-gel/5bd79f04ddee9d000fdfe61d"><h5 class="product-tile__product-name">Free &amp; Clear Dishwasher Gel</h5></a></div><div class="product-tile__price-info product-tile-collapsing-row clearfix"><div class="product-tile__purchase-price product-tile-collapsing-row__fixed-right"><div class="split-price"><span class="split-price__dollars">4</span><span class="split-price__cents">99</span></div></div><div class="product-tile__comparison-price product-tile-collapsing-row__secondary-info"><span class="price-per">$0.12 </span>/<!-- --> <span class="per-unit">oz</span></div><div class="product-tile__purchase-unit product-tile-collapsing-row__primary-info">40 oz</div></div></div></div></div><div class="grid-item" data-product-id="5bd787afddee9d000fdfe3a9"><div class="product-tile product-tile--compact product-tile--market" data-id="5bd787afddee9d000fdfe3a9"><div class="product-tile__favorite not-favorited"><div><div class="product-tile__favorite-circle"><svg class="product-tile__favorite-heart" viewBox="8.9 7.8 18 16.633654"><path d="m 17.89989,23.433653 c 0.631042,-0.630881 4.233291,-4.23521 6.485296,-6.486896 2.017605,-2.017765 1.974565,-4.958732 0.140161,-6.783217 -1.834405,-1.8249642 -4.800652,-1.8169641 -6.625457,0.0176 -1.824645,-1.8345641 -4.790892,-1.8425642 -6.625297,-0.0176 -1.8344041,1.824485 -1.8772842,4.765452 0.140161,6.783217 2.251845,2.251686 5.854574,5.856015 6.485136,6.486896 l 0,0 z"></path></svg></div></div></div><div class="product-tile__product-visuals"><a class="js-product-tile__product-photo-wrapper js-product-photo-link js-product-link" data-alt="Free &amp; Clear Dishwasher Detergent Packs" data-src="https://goodeggs4.imgix.net/7e43d44d-9a2a-4325-bb58-41d83909f131.jpg?w=380&amp;h=238&amp;fm=jpg&amp;auto=compress&amp;fit=crop" href="https://www.goodeggs.com/sfbay/seventhgenerationsfbay/free-clear-dishwasher-detergent-packs/5bd787afddee9d000fdfe3a9"><img class="product-tile__product-photo" alt="Free &amp; Clear Dishwasher Detergent Packs" src="./Health &amp; Home _ SF Bay _ Good Eggs_files/7e43d44d-9a2a-4325-bb58-41d83909f131.jpg"></a><div class="product-tile__product-photo-tinter"></div><div class="product-tile__quick-add"><div class="product-tile__quick-add-count is-transparent"><div class="product-tile__quick-add-quantity"><div class="product-tile__quantity-spinner product-tile__quantity-spinner__quantity js-quantity-indicator">1</div><div class="product-tile__quantity-spinner product-tile__quantity-spinner__previous-quantity js-quantity-indicator">1</div></div><div class="product-tile__quick-add-quantity-label"><div class="product-tile__quick-add-quantity-label-result">added</div><div class="product-tile__quick-add-quantity-label-summary">in your basket</div></div><div class="product-tile__quick-add-gift"><i class="icon icon-share-gift"></i></div><div class="product-tile__quick-add-gift-label"><div class="product-tile__quick-add-gift-summary">Gift in your basket</div></div></div><div class="product-tile__quick-add-buttons"><button class="btn product-tile__quick-add-button product-tile__quick-add-button-remove js-product-tile__quick-remove"><div class="product-tile__quick-add-minus"></div></button><button class="btn product-tile__quick-add-button product-tile__quick-add-button-add js-product-tile__quick-add"><div class="product-tile__quick-add-plus"></div></button></div></div></div><div class="product-tile__product-info"><div class="product-tile__product-name-and-details"><a class="js-producer-link" href="https://www.goodeggs.com/seventhgenerationsfbay"><div class="product-tile__producer-name">Seventh Generation</div></a><a class="js-product-link" href="https://www.goodeggs.com/sfbay/seventhgenerationsfbay/free-clear-dishwasher-detergent-packs/5bd787afddee9d000fdfe3a9"><h5 class="product-tile__product-name">Free &amp; Clear Dishwasher Detergent Packs</h5></a></div><div class="product-tile__price-info product-tile-collapsing-row clearfix"><div class="product-tile__purchase-price product-tile-collapsing-row__fixed-right"><div class="split-price"><span class="split-price__dollars">14</span><span class="split-price__cents">99</span></div></div><div class="product-tile__purchase-unit product-tile-collapsing-row__primary-info">45 count</div></div></div></div></div><div class="grid-item" data-product-id="5bd7847852afce000f044979"><div class="product-tile product-tile--compact product-tile--market" data-id="5bd7847852afce000f044979"><div class="product-tile__favorite not-favorited"><div><div class="product-tile__favorite-circle"><svg class="product-tile__favorite-heart" viewBox="8.9 7.8 18 16.633654"><path d="m 17.89989,23.433653 c 0.631042,-0.630881 4.233291,-4.23521 6.485296,-6.486896 2.017605,-2.017765 1.974565,-4.958732 0.140161,-6.783217 -1.834405,-1.8249642 -4.800652,-1.8169641 -6.625457,0.0176 -1.824645,-1.8345641 -4.790892,-1.8425642 -6.625297,-0.0176 -1.8344041,1.824485 -1.8772842,4.765452 0.140161,6.783217 2.251845,2.251686 5.854574,5.856015 6.485136,6.486896 l 0,0 z"></path></svg></div></div></div><div class="product-tile__product-visuals"><a class="js-product-tile__product-photo-wrapper js-product-photo-link js-product-link" data-alt="Free &amp; Clear Dishwasher Detergent Powder" data-src="https://goodeggs4.imgix.net/e67bdabb-8b58-4259-9a43-fa8b4dfdc466.jpg?w=380&amp;h=238&amp;fm=jpg&amp;auto=compress&amp;fit=crop" href="https://www.goodeggs.com/sfbay/seventhgenerationsfbay/free-clear-dishwasher-detergent-powder/5bd7847852afce000f044979"><img class="product-tile__product-photo" alt="Free &amp; Clear Dishwasher Detergent Powder" src="./Health &amp; Home _ SF Bay _ Good Eggs_files/e67bdabb-8b58-4259-9a43-fa8b4dfdc466.jpg"></a><div class="product-tile__product-photo-tinter"></div><div class="product-tile__quick-add"><div class="product-tile__quick-add-count is-transparent"><div class="product-tile__quick-add-quantity"><div class="product-tile__quantity-spinner product-tile__quantity-spinner__quantity js-quantity-indicator">1</div><div class="product-tile__quantity-spinner product-tile__quantity-spinner__previous-quantity js-quantity-indicator">1</div></div><div class="product-tile__quick-add-quantity-label"><div class="product-tile__quick-add-quantity-label-result">added</div><div class="product-tile__quick-add-quantity-label-summary">in your basket</div></div><div class="product-tile__quick-add-gift"><i class="icon icon-share-gift"></i></div><div class="product-tile__quick-add-gift-label"><div class="product-tile__quick-add-gift-summary">Gift in your basket</div></div></div><div class="product-tile__quick-add-buttons"><button class="btn product-tile__quick-add-button product-tile__quick-add-button-remove js-product-tile__quick-remove"><div class="product-tile__quick-add-minus"></div></button><button class="btn product-tile__quick-add-button product-tile__quick-add-button-add js-product-tile__quick-add"><div class="product-tile__quick-add-plus"></div></button></div></div></div><div class="product-tile__product-info"><div class="product-tile__product-name-and-details"><a class="js-producer-link" href="https://www.goodeggs.com/seventhgenerationsfbay"><div class="product-tile__producer-name">Seventh Generation</div></a><a class="js-product-link" href="https://www.goodeggs.com/sfbay/seventhgenerationsfbay/free-clear-dishwasher-detergent-powder/5bd7847852afce000f044979"><h5 class="product-tile__product-name">Free &amp; Clear Dishwasher Detergent Powder</h5></a></div><div class="product-tile__price-info product-tile-collapsing-row clearfix"><div class="product-tile__purchase-price product-tile-collapsing-row__fixed-right"><div class="split-price"><span class="split-price__dollars">6</span><span class="split-price__cents">49</span></div></div><div class="product-tile__comparison-price product-tile-collapsing-row__secondary-info"><span class="price-per">$0.14 </span>/<!-- --> <span class="per-unit">oz</span></div><div class="product-tile__purchase-unit product-tile-collapsing-row__primary-info">45 oz</div></div></div></div></div></div></div></div><div id="cleaning-soap" class="section-page"><div class="product-listings-view__section-anchor" id="health-home-cleaning-cleaning-soap"></div><h3 class="listings-section-header">Hand Soap &amp; Sanitizer</h3><div class="page"><div class="grid-items"><div class="grid-item" data-product-id="5bd7cd4452afce000f045032"><div class="product-tile product-tile--compact product-tile--market" data-id="5bd7cd4452afce000f045032"><div class="product-tile__favorite not-favorited"><div><div class="product-tile__favorite-circle"><svg class="product-tile__favorite-heart" viewBox="8.9 7.8 18 16.633654"><path d="m 17.89989,23.433653 c 0.631042,-0.630881 4.233291,-4.23521 6.485296,-6.486896 2.017605,-2.017765 1.974565,-4.958732 0.140161,-6.783217 -1.834405,-1.8249642 -4.800652,-1.8169641 -6.625457,0.0176 -1.824645,-1.8345641 -4.790892,-1.8425642 -6.625297,-0.0176 -1.8344041,1.824485 -1.8772842,4.765452 0.140161,6.783217 2.251845,2.251686 5.854574,5.856015 6.485136,6.486896 l 0,0 z"></path></svg></div></div></div><div class="product-tile__product-visuals"><a class="js-product-tile__product-photo-wrapper js-product-photo-link js-product-link" data-alt="Meyer Lemon &amp; Mandarin Hand Soap" data-src="https://goodeggs4.imgix.net/417aa22f-318c-41ed-8251-5a5e8da3112c.jpg?w=380&amp;h=238&amp;fm=jpg&amp;auto=compress&amp;fit=crop" href="https://www.goodeggs.com/sfbay/eoproductssfbay/meyer-lemon-mandarin-hand-soap/5bd7cd4452afce000f045032"><img class="product-tile__product-photo" alt="Meyer Lemon &amp; Mandarin Hand Soap" src="./Health &amp; Home _ SF Bay _ Good Eggs_files/417aa22f-318c-41ed-8251-5a5e8da3112c.jpg"></a><div class="product-tile__product-photo-tinter"></div><div class="product-tile__quick-add"><div class="product-tile__quick-add-count is-transparent"><div class="product-tile__quick-add-quantity"><div class="product-tile__quantity-spinner product-tile__quantity-spinner__quantity js-quantity-indicator">1</div><div class="product-tile__quantity-spinner product-tile__quantity-spinner__previous-quantity js-quantity-indicator">1</div></div><div class="product-tile__quick-add-quantity-label"><div class="product-tile__quick-add-quantity-label-result">added</div><div class="product-tile__quick-add-quantity-label-summary">in your basket</div></div><div class="product-tile__quick-add-gift"><i class="icon icon-share-gift"></i></div><div class="product-tile__quick-add-gift-label"><div class="product-tile__quick-add-gift-summary">Gift in your basket</div></div></div><div class="product-tile__quick-add-buttons"><button class="btn product-tile__quick-add-button product-tile__quick-add-button-remove js-product-tile__quick-remove"><div class="product-tile__quick-add-minus"></div></button><button class="btn product-tile__quick-add-button product-tile__quick-add-button-add js-product-tile__quick-add"><div class="product-tile__quick-add-plus"></div></button></div></div></div><div class="product-tile__product-info"><div class="product-tile__product-name-and-details"><a class="js-producer-link" href="https://www.goodeggs.com/eoproductssfbay"><div class="product-tile__producer-name">EO/Everyone</div></a><a class="js-product-link" href="https://www.goodeggs.com/sfbay/eoproductssfbay/meyer-lemon-mandarin-hand-soap/5bd7cd4452afce000f045032"><h5 class="product-tile__product-name">Meyer Lemon &amp; Mandarin Hand Soap</h5></a></div><div class="product-tile__price-info product-tile-collapsing-row clearfix"><div class="product-tile__purchase-price product-tile-collapsing-row__fixed-right"><div class="split-price"><span class="split-price__dollars">4</span><span class="split-price__cents">99</span></div></div><div class="product-tile__comparison-price product-tile-collapsing-row__secondary-info"><span class="price-per">$0.39 </span>/<!-- --> <span class="per-unit">oz</span></div><div class="product-tile__purchase-unit product-tile-collapsing-row__primary-info">12.75 oz</div></div></div></div></div><div class="grid-item" data-product-id="5bd7ce4352afce000f045045"><div class="product-tile product-tile--compact product-tile--market" data-id="5bd7ce4352afce000f045045"><div class="product-tile__favorite not-favorited"><div><div class="product-tile__favorite-circle"><svg class="product-tile__favorite-heart" viewBox="8.9 7.8 18 16.633654"><path d="m 17.89989,23.433653 c 0.631042,-0.630881 4.233291,-4.23521 6.485296,-6.486896 2.017605,-2.017765 1.974565,-4.958732 0.140161,-6.783217 -1.834405,-1.8249642 -4.800652,-1.8169641 -6.625457,0.0176 -1.824645,-1.8345641 -4.790892,-1.8425642 -6.625297,-0.0176 -1.8344041,1.824485 -1.8772842,4.765452 0.140161,6.783217 2.251845,2.251686 5.854574,5.856015 6.485136,6.486896 l 0,0 z"></path></svg></div></div></div><div class="product-tile__product-visuals"><a class="js-product-tile__product-photo-wrapper js-product-photo-link js-product-link" data-alt="Lavender &amp; Coconut Hand Soap" data-src="https://goodeggs4.imgix.net/96a9d7dd-5e00-42b8-b573-47b821004c77.jpg?w=380&amp;h=238&amp;fm=jpg&amp;auto=compress&amp;fit=crop" href="https://www.goodeggs.com/sfbay/eoproductssfbay/lavender-coconut-hand-soap/5bd7ce4352afce000f045045"><img class="product-tile__product-photo" alt="Lavender &amp; Coconut Hand Soap" src="./Health &amp; Home _ SF Bay _ Good Eggs_files/96a9d7dd-5e00-42b8-b573-47b821004c77.jpg"></a><div class="product-tile__product-photo-tinter"></div><div class="product-tile__quick-add"><div class="product-tile__quick-add-count is-transparent"><div class="product-tile__quick-add-quantity"><div class="product-tile__quantity-spinner product-tile__quantity-spinner__quantity js-quantity-indicator">1</div><div class="product-tile__quantity-spinner product-tile__quantity-spinner__previous-quantity js-quantity-indicator">1</div></div><div class="product-tile__quick-add-quantity-label"><div class="product-tile__quick-add-quantity-label-result">added</div><div class="product-tile__quick-add-quantity-label-summary">in your basket</div></div><div class="product-tile__quick-add-gift"><i class="icon icon-share-gift"></i></div><div class="product-tile__quick-add-gift-label"><div class="product-tile__quick-add-gift-summary">Gift in your basket</div></div></div><div class="product-tile__quick-add-buttons"><button class="btn product-tile__quick-add-button product-tile__quick-add-button-remove js-product-tile__quick-remove"><div class="product-tile__quick-add-minus"></div></button><button class="btn product-tile__quick-add-button product-tile__quick-add-button-add js-product-tile__quick-add"><div class="product-tile__quick-add-plus"></div></button></div></div></div><div class="product-tile__product-info"><div class="product-tile__product-name-and-details"><a class="js-producer-link" href="https://www.goodeggs.com/eoproductssfbay"><div class="product-tile__producer-name">EO/Everyone</div></a><a class="js-product-link" href="https://www.goodeggs.com/sfbay/eoproductssfbay/lavender-coconut-hand-soap/5bd7ce4352afce000f045045"><h5 class="product-tile__product-name">Lavender &amp; Coconut Hand Soap</h5></a></div><div class="product-tile__price-info product-tile-collapsing-row clearfix"><div class="product-tile__purchase-price product-tile-collapsing-row__fixed-right"><div class="split-price"><span class="split-price__dollars">4</span><span class="split-price__cents">99</span></div></div><div class="product-tile__comparison-price product-tile-collapsing-row__secondary-info"><span class="price-per">$0.39 </span>/<!-- --> <span class="per-unit">oz</span></div><div class="product-tile__purchase-unit product-tile-collapsing-row__primary-info">12.75 oz</div></div></div></div></div><div class="grid-item" data-product-id="604a851cbcf73300130e2e51"><div class="product-tile product-tile--compact product-tile--market" data-id="604a851cbcf73300130e2e51"><div class="product-tile__favorite not-favorited"><div><div class="product-tile__favorite-circle"><svg class="product-tile__favorite-heart" viewBox="8.9 7.8 18 16.633654"><path d="m 17.89989,23.433653 c 0.631042,-0.630881 4.233291,-4.23521 6.485296,-6.486896 2.017605,-2.017765 1.974565,-4.958732 0.140161,-6.783217 -1.834405,-1.8249642 -4.800652,-1.8169641 -6.625457,0.0176 -1.824645,-1.8345641 -4.790892,-1.8425642 -6.625297,-0.0176 -1.8344041,1.824485 -1.8772842,4.765452 0.140161,6.783217 2.251845,2.251686 5.854574,5.856015 6.485136,6.486896 l 0,0 z"></path></svg></div></div></div><div class="product-tile__product-visuals"><a class="js-product-tile__product-photo-wrapper js-product-photo-link js-product-link" data-alt="Hand Soap Refill - Meyer Lemon Mandarin" data-src="https://goodeggs4.imgix.net/fcae355a-fc00-48f4-96c7-26514f6e73af.jpeg?w=380&amp;h=238&amp;fm=jpg&amp;auto=compress&amp;fit=crop" href="https://www.goodeggs.com/sfbay/eoproductssfbay/hand-soap-refill-meyer-lemon-mandarin/604a851cbcf73300130e2e51"><img class="product-tile__product-photo" alt="Hand Soap Refill - Meyer Lemon Mandarin" src="./Health &amp; Home _ SF Bay _ Good Eggs_files/fcae355a-fc00-48f4-96c7-26514f6e73af.jpeg"></a><div class="product-tile__product-photo-tinter"></div><div class="product-tile__quick-add"><div class="product-tile__quick-add-count is-transparent"><div class="product-tile__quick-add-quantity"><div class="product-tile__quantity-spinner product-tile__quantity-spinner__quantity js-quantity-indicator">1</div><div class="product-tile__quantity-spinner product-tile__quantity-spinner__previous-quantity js-quantity-indicator">1</div></div><div class="product-tile__quick-add-quantity-label"><div class="product-tile__quick-add-quantity-label-result">added</div><div class="product-tile__quick-add-quantity-label-summary">in your basket</div></div><div class="product-tile__quick-add-gift"><i class="icon icon-share-gift"></i></div><div class="product-tile__quick-add-gift-label"><div class="product-tile__quick-add-gift-summary">Gift in your basket</div></div></div><div class="product-tile__quick-add-buttons"><button class="btn product-tile__quick-add-button product-tile__quick-add-button-remove js-product-tile__quick-remove"><div class="product-tile__quick-add-minus"></div></button><button class="btn product-tile__quick-add-button product-tile__quick-add-button-add js-product-tile__quick-add"><div class="product-tile__quick-add-plus"></div></button></div></div></div><div class="product-tile__product-info"><div class="product-tile__product-name-and-details"><a class="js-producer-link" href="https://www.goodeggs.com/eoproductssfbay"><div class="product-tile__producer-name">EO/Everyone</div></a><a class="js-product-link" href="https://www.goodeggs.com/sfbay/eoproductssfbay/hand-soap-refill-meyer-lemon-mandarin/604a851cbcf73300130e2e51"><h5 class="product-tile__product-name">Hand Soap Refill - Meyer Lemon Mandarin</h5></a></div><div class="product-tile__price-info product-tile-collapsing-row clearfix"><div class="product-tile__purchase-price product-tile-collapsing-row__fixed-right"><div class="split-price"><span class="split-price__dollars">11</span><span class="split-price__cents">99</span></div></div><div class="product-tile__comparison-price product-tile-collapsing-row__secondary-info"><span class="price-per">$0.37 </span>/<!-- --> <span class="per-unit">oz</span></div><div class="product-tile__purchase-unit product-tile-collapsing-row__primary-info">32 oz</div></div></div></div></div><div class="grid-item" data-product-id="604a8762f7699c0012bd657f"><div class="product-tile product-tile--compact product-tile--market" data-id="604a8762f7699c0012bd657f"><div class="product-tile__favorite not-favorited"><div><div class="product-tile__favorite-circle"><svg class="product-tile__favorite-heart" viewBox="8.9 7.8 18 16.633654"><path d="m 17.89989,23.433653 c 0.631042,-0.630881 4.233291,-4.23521 6.485296,-6.486896 2.017605,-2.017765 1.974565,-4.958732 0.140161,-6.783217 -1.834405,-1.8249642 -4.800652,-1.8169641 -6.625457,0.0176 -1.824645,-1.8345641 -4.790892,-1.8425642 -6.625297,-0.0176 -1.8344041,1.824485 -1.8772842,4.765452 0.140161,6.783217 2.251845,2.251686 5.854574,5.856015 6.485136,6.486896 l 0,0 z"></path></svg></div></div></div><div class="product-tile__product-visuals"><a class="js-product-tile__product-photo-wrapper js-product-photo-link js-product-link" data-alt="Coconut Lemon Hand Sanitizer Spray" data-src="https://goodeggs4.imgix.net/34961047-0401-4fce-87b4-2acaeda0ef54.jpeg?w=380&amp;h=238&amp;fm=jpg&amp;auto=compress&amp;fit=crop" href="https://www.goodeggs.com/sfbay/eoproductssfbay/coconut-lemon-hand-sanitizer-spray/604a8762f7699c0012bd657f"><img class="product-tile__product-photo" alt="Coconut Lemon Hand Sanitizer Spray" src="./Health &amp; Home _ SF Bay _ Good Eggs_files/34961047-0401-4fce-87b4-2acaeda0ef54.jpeg"></a><div class="product-tile__product-photo-tinter"></div><div class="product-tile__quick-add"><div class="product-tile__quick-add-count is-transparent"><div class="product-tile__quick-add-quantity"><div class="product-tile__quantity-spinner product-tile__quantity-spinner__quantity js-quantity-indicator">1</div><div class="product-tile__quantity-spinner product-tile__quantity-spinner__previous-quantity js-quantity-indicator">1</div></div><div class="product-tile__quick-add-quantity-label"><div class="product-tile__quick-add-quantity-label-result">added</div><div class="product-tile__quick-add-quantity-label-summary">in your basket</div></div><div class="product-tile__quick-add-gift"><i class="icon icon-share-gift"></i></div><div class="product-tile__quick-add-gift-label"><div class="product-tile__quick-add-gift-summary">Gift in your basket</div></div></div><div class="product-tile__quick-add-buttons"><button class="btn product-tile__quick-add-button product-tile__quick-add-button-remove js-product-tile__quick-remove"><div class="product-tile__quick-add-minus"></div></button><button class="btn product-tile__quick-add-button product-tile__quick-add-button-add js-product-tile__quick-add"><div class="product-tile__quick-add-plus"></div></button></div></div></div><div class="product-tile__product-info"><div class="product-tile__product-name-and-details"><a class="js-producer-link" href="https://www.goodeggs.com/eoproductssfbay"><div class="product-tile__producer-name">EO/Everyone</div></a><a class="js-product-link" href="https://www.goodeggs.com/sfbay/eoproductssfbay/coconut-lemon-hand-sanitizer-spray/604a8762f7699c0012bd657f"><h5 class="product-tile__product-name">Coconut Lemon Hand Sanitizer Spray</h5></a></div><div class="product-tile__price-info product-tile-collapsing-row clearfix"><div class="product-tile__purchase-price product-tile-collapsing-row__fixed-right"><div class="split-price"><span class="split-price__dollars">6</span><span class="split-price__cents">99</span></div></div><div class="product-tile__comparison-price product-tile-collapsing-row__secondary-info"><span class="price-per">$0.87 </span>/<!-- --> <span class="per-unit">oz</span></div><div class="product-tile__purchase-unit product-tile-collapsing-row__primary-info">8 oz</div></div></div></div></div><div class="grid-item" data-product-id="5bd7a03c52afce000f044e82"><div class="product-tile product-tile--compact product-tile--market" data-id="5bd7a03c52afce000f044e82"><div class="product-tile__favorite not-favorited"><div><div class="product-tile__favorite-circle"><svg class="product-tile__favorite-heart" viewBox="8.9 7.8 18 16.633654"><path d="m 17.89989,23.433653 c 0.631042,-0.630881 4.233291,-4.23521 6.485296,-6.486896 2.017605,-2.017765 1.974565,-4.958732 0.140161,-6.783217 -1.834405,-1.8249642 -4.800652,-1.8169641 -6.625457,0.0176 -1.824645,-1.8345641 -4.790892,-1.8425642 -6.625297,-0.0176 -1.8344041,1.824485 -1.8772842,4.765452 0.140161,6.783217 2.251845,2.251686 5.854574,5.856015 6.485136,6.486896 l 0,0 z"></path></svg></div></div></div><div class="product-tile__product-visuals"><a class="js-product-tile__product-photo-wrapper js-product-photo-link js-product-link" data-alt="Free &amp; Clear Hand Soap Refill" data-src="https://goodeggs4.imgix.net/e9c1959b-0300-4237-bdbe-29786f3669c1.jpg?w=380&amp;h=238&amp;fm=jpg&amp;auto=compress&amp;fit=crop" href="https://www.goodeggs.com/sfbay/ecossfbay/free-clear-hand-soap-refill/5bd7a03c52afce000f044e82"><img class="product-tile__product-photo" alt="Free &amp; Clear Hand Soap Refill" src="./Health &amp; Home _ SF Bay _ Good Eggs_files/e9c1959b-0300-4237-bdbe-29786f3669c1.jpg"></a><div class="product-tile__product-photo-tinter"></div><div class="product-tile__quick-add"><div class="product-tile__quick-add-count is-transparent"><div class="product-tile__quick-add-quantity"><div class="product-tile__quantity-spinner product-tile__quantity-spinner__quantity js-quantity-indicator">1</div><div class="product-tile__quantity-spinner product-tile__quantity-spinner__previous-quantity js-quantity-indicator">1</div></div><div class="product-tile__quick-add-quantity-label"><div class="product-tile__quick-add-quantity-label-result">added</div><div class="product-tile__quick-add-quantity-label-summary">in your basket</div></div><div class="product-tile__quick-add-gift"><i class="icon icon-share-gift"></i></div><div class="product-tile__quick-add-gift-label"><div class="product-tile__quick-add-gift-summary">Gift in your basket</div></div></div><div class="product-tile__quick-add-buttons"><button class="btn product-tile__quick-add-button product-tile__quick-add-button-remove js-product-tile__quick-remove"><div class="product-tile__quick-add-minus"></div></button><button class="btn product-tile__quick-add-button product-tile__quick-add-button-add js-product-tile__quick-add"><div class="product-tile__quick-add-plus"></div></button></div></div></div><div class="product-tile__product-info"><div class="product-tile__product-name-and-details"><a class="js-producer-link" href="https://www.goodeggs.com/ecossfbay"><div class="product-tile__producer-name">ECOS</div></a><a class="js-product-link" href="https://www.goodeggs.com/sfbay/ecossfbay/free-clear-hand-soap-refill/5bd7a03c52afce000f044e82"><h5 class="product-tile__product-name">Free &amp; Clear Hand Soap Refill</h5></a></div><div class="product-tile__price-info product-tile-collapsing-row clearfix"><div class="product-tile__purchase-price product-tile-collapsing-row__fixed-right"><div class="split-price"><span class="split-price__dollars">6</span><span class="split-price__cents">99</span></div></div><div class="product-tile__comparison-price product-tile-collapsing-row__secondary-info"><span class="price-per">$0.22 </span>/<!-- --> <span class="per-unit">oz</span></div><div class="product-tile__purchase-unit product-tile-collapsing-row__primary-info">32 oz</div></div></div></div></div></div></div></div><div id="cleaning-household" class="section-page"><div class="product-listings-view__section-anchor" id="health-home-cleaning-cleaning-household"></div><h3 class="listings-section-header">Household Cleaners</h3><div class="page"><div class="grid-items"><div class="grid-item" data-product-id="5bd781adddee9d000fdfe0e2"><div class="product-tile product-tile--compact product-tile--market" data-id="5bd781adddee9d000fdfe0e2"><div class="product-tile__favorite not-favorited"><div><div class="product-tile__favorite-circle"><svg class="product-tile__favorite-heart" viewBox="8.9 7.8 18 16.633654"><path d="m 17.89989,23.433653 c 0.631042,-0.630881 4.233291,-4.23521 6.485296,-6.486896 2.017605,-2.017765 1.974565,-4.958732 0.140161,-6.783217 -1.834405,-1.8249642 -4.800652,-1.8169641 -6.625457,0.0176 -1.824645,-1.8345641 -4.790892,-1.8425642 -6.625297,-0.0176 -1.8344041,1.824485 -1.8772842,4.765452 0.140161,6.783217 2.251845,2.251686 5.854574,5.856015 6.485136,6.486896 l 0,0 z"></path></svg></div></div></div><div class="product-tile__product-visuals"><a class="js-product-tile__product-photo-wrapper js-product-photo-link js-product-link" data-alt="Lemongrass Citrus Disinfectant Wipes" data-src="https://goodeggs4.imgix.net/3a540ed9-a2c1-4a26-bad7-2f1950682233.jpg?w=380&amp;h=238&amp;fm=jpg&amp;auto=compress&amp;fit=crop" href="https://www.goodeggs.com/sfbay/seventhgenerationsfbay/lemongrass-citrus-disinfectant-wipes/5bd781adddee9d000fdfe0e2"><img class="product-tile__product-photo" alt="Lemongrass Citrus Disinfectant Wipes" src="./Health &amp; Home _ SF Bay _ Good Eggs_files/3a540ed9-a2c1-4a26-bad7-2f1950682233.jpg"></a><div class="product-tile__product-photo-tinter"></div><div class="product-tile__quick-add"><div class="product-tile__quick-add-count is-transparent"><div class="product-tile__quick-add-quantity"><div class="product-tile__quantity-spinner product-tile__quantity-spinner__quantity js-quantity-indicator">1</div><div class="product-tile__quantity-spinner product-tile__quantity-spinner__previous-quantity js-quantity-indicator">1</div></div><div class="product-tile__quick-add-quantity-label"><div class="product-tile__quick-add-quantity-label-result">added</div><div class="product-tile__quick-add-quantity-label-summary">in your basket</div></div><div class="product-tile__quick-add-gift"><i class="icon icon-share-gift"></i></div><div class="product-tile__quick-add-gift-label"><div class="product-tile__quick-add-gift-summary">Gift in your basket</div></div></div><div class="product-tile__quick-add-buttons"><button class="btn product-tile__quick-add-button product-tile__quick-add-button-remove js-product-tile__quick-remove"><div class="product-tile__quick-add-minus"></div></button><button class="btn product-tile__quick-add-button product-tile__quick-add-button-add js-product-tile__quick-add"><div class="product-tile__quick-add-plus"></div></button></div></div></div><div class="product-tile__product-info"><div class="product-tile__product-name-and-details"><a class="js-producer-link" href="https://www.goodeggs.com/seventhgenerationsfbay"><div class="product-tile__producer-name">Seventh Generation</div></a><a class="js-product-link" href="https://www.goodeggs.com/sfbay/seventhgenerationsfbay/lemongrass-citrus-disinfectant-wipes/5bd781adddee9d000fdfe0e2"><h5 class="product-tile__product-name">Lemongrass Citrus Disinfectant Wipes</h5></a></div><div class="product-tile__price-info product-tile-collapsing-row clearfix"><div class="product-tile__purchase-price product-tile-collapsing-row__fixed-right"><div class="split-price"><span class="split-price__dollars">6</span><span class="split-price__cents">99</span></div></div><div class="product-tile__purchase-unit product-tile-collapsing-row__primary-info">70 count</div></div></div></div></div><div class="grid-item" data-product-id="5bd78032ddee9d000fdfe055"><div class="product-tile product-tile--compact product-tile--market" data-id="5bd78032ddee9d000fdfe055"><div class="product-tile__favorite not-favorited"><div><div class="product-tile__favorite-circle"><svg class="product-tile__favorite-heart" viewBox="8.9 7.8 18 16.633654"><path d="m 17.89989,23.433653 c 0.631042,-0.630881 4.233291,-4.23521 6.485296,-6.486896 2.017605,-2.017765 1.974565,-4.958732 0.140161,-6.783217 -1.834405,-1.8249642 -4.800652,-1.8169641 -6.625457,0.0176 -1.824645,-1.8345641 -4.790892,-1.8425642 -6.625297,-0.0176 -1.8344041,1.824485 -1.8772842,4.765452 0.140161,6.783217 2.251845,2.251686 5.854574,5.856015 6.485136,6.486896 l 0,0 z"></path></svg></div></div></div><div class="product-tile__product-visuals"><a class="js-product-tile__product-photo-wrapper js-product-photo-link js-product-link" data-alt="Lemongrass Citrus Multi-Surface Cleaner" data-src="https://goodeggs4.imgix.net/127ba848-2c14-4e6f-a8b6-1f85401e64fd.jpg?w=380&amp;h=238&amp;fm=jpg&amp;auto=compress&amp;fit=crop" href="https://www.goodeggs.com/sfbay/seventhgenerationsfbay/lemongrass-citrus-multi-surface-cleaner/5bd78032ddee9d000fdfe055"><img class="product-tile__product-photo" alt="Lemongrass Citrus Multi-Surface Cleaner" src="./Health &amp; Home _ SF Bay _ Good Eggs_files/127ba848-2c14-4e6f-a8b6-1f85401e64fd.jpg"></a><div class="product-tile__product-photo-tinter"></div><div class="product-tile__quick-add"><div class="product-tile__quick-add-count is-transparent"><div class="product-tile__quick-add-quantity"><div class="product-tile__quantity-spinner product-tile__quantity-spinner__quantity js-quantity-indicator">1</div><div class="product-tile__quantity-spinner product-tile__quantity-spinner__previous-quantity js-quantity-indicator">1</div></div><div class="product-tile__quick-add-quantity-label"><div class="product-tile__quick-add-quantity-label-result">added</div><div class="product-tile__quick-add-quantity-label-summary">in your basket</div></div><div class="product-tile__quick-add-gift"><i class="icon icon-share-gift"></i></div><div class="product-tile__quick-add-gift-label"><div class="product-tile__quick-add-gift-summary">Gift in your basket</div></div></div><div class="product-tile__quick-add-buttons"><button class="btn product-tile__quick-add-button product-tile__quick-add-button-remove js-product-tile__quick-remove"><div class="product-tile__quick-add-minus"></div></button><button class="btn product-tile__quick-add-button product-tile__quick-add-button-add js-product-tile__quick-add"><div class="product-tile__quick-add-plus"></div></button></div></div></div><div class="product-tile__product-info"><div class="product-tile__product-name-and-details"><a class="js-producer-link" href="https://www.goodeggs.com/seventhgenerationsfbay"><div class="product-tile__producer-name">Seventh Generation</div></a><a class="js-product-link" href="https://www.goodeggs.com/sfbay/seventhgenerationsfbay/lemongrass-citrus-multi-surface-cleaner/5bd78032ddee9d000fdfe055"><h5 class="product-tile__product-name">Lemongrass Citrus Multi-Surface Cleaner</h5></a></div><div class="product-tile__price-info product-tile-collapsing-row clearfix"><div class="product-tile__purchase-price product-tile-collapsing-row__fixed-right"><div class="split-price"><span class="split-price__dollars">4</span><span class="split-price__cents">39</span></div></div><div class="product-tile__comparison-price product-tile-collapsing-row__secondary-info"><span class="price-per">$0.17 </span>/<!-- --> <span class="per-unit">oz</span></div><div class="product-tile__purchase-unit product-tile-collapsing-row__primary-info">26 oz</div></div></div></div></div><div class="grid-item" data-product-id="5bd79d4252afce000f044e2f"><div class="product-tile product-tile--compact product-tile--market" data-id="5bd79d4252afce000f044e2f"><div class="product-tile__favorite not-favorited"><div><div class="product-tile__favorite-circle"><svg class="product-tile__favorite-heart" viewBox="8.9 7.8 18 16.633654"><path d="m 17.89989,23.433653 c 0.631042,-0.630881 4.233291,-4.23521 6.485296,-6.486896 2.017605,-2.017765 1.974565,-4.958732 0.140161,-6.783217 -1.834405,-1.8249642 -4.800652,-1.8169641 -6.625457,0.0176 -1.824645,-1.8345641 -4.790892,-1.8425642 -6.625297,-0.0176 -1.8344041,1.824485 -1.8772842,4.765452 0.140161,6.783217 2.251845,2.251686 5.854574,5.856015 6.485136,6.486896 l 0,0 z"></path></svg></div></div></div><div class="product-tile__product-visuals"><a class="js-product-tile__product-photo-wrapper js-product-photo-link js-product-link" data-alt="Orange Plus All Purpose Cleaner" data-src="https://goodeggs4.imgix.net/404b34be-fc28-4f56-a9bd-13a3459e4522.jpg?w=380&amp;h=238&amp;fm=jpg&amp;auto=compress&amp;fit=crop" href="https://www.goodeggs.com/sfbay/ecossfbay/orange-plus-all-purpose-cleaner/5bd79d4252afce000f044e2f"><img class="product-tile__product-photo" alt="Orange Plus All Purpose Cleaner" src="./Health &amp; Home _ SF Bay _ Good Eggs_files/404b34be-fc28-4f56-a9bd-13a3459e4522.jpg"></a><div class="product-tile__product-photo-tinter"></div><div class="product-tile__quick-add"><div class="product-tile__quick-add-count is-transparent"><div class="product-tile__quick-add-quantity"><div class="product-tile__quantity-spinner product-tile__quantity-spinner__quantity js-quantity-indicator">1</div><div class="product-tile__quantity-spinner product-tile__quantity-spinner__previous-quantity js-quantity-indicator">1</div></div><div class="product-tile__quick-add-quantity-label"><div class="product-tile__quick-add-quantity-label-result">added</div><div class="product-tile__quick-add-quantity-label-summary">in your basket</div></div><div class="product-tile__quick-add-gift"><i class="icon icon-share-gift"></i></div><div class="product-tile__quick-add-gift-label"><div class="product-tile__quick-add-gift-summary">Gift in your basket</div></div></div><div class="product-tile__quick-add-buttons"><button class="btn product-tile__quick-add-button product-tile__quick-add-button-remove js-product-tile__quick-remove"><div class="product-tile__quick-add-minus"></div></button><button class="btn product-tile__quick-add-button product-tile__quick-add-button-add js-product-tile__quick-add"><div class="product-tile__quick-add-plus"></div></button></div></div></div><div class="product-tile__product-info"><div class="product-tile__product-name-and-details"><a class="js-producer-link" href="https://www.goodeggs.com/ecossfbay"><div class="product-tile__producer-name">ECOS</div></a><a class="js-product-link" href="https://www.goodeggs.com/sfbay/ecossfbay/orange-plus-all-purpose-cleaner/5bd79d4252afce000f044e2f"><h5 class="product-tile__product-name">Orange Plus All Purpose Cleaner</h5></a></div><div class="product-tile__price-info product-tile-collapsing-row clearfix"><div class="product-tile__purchase-price product-tile-collapsing-row__fixed-right"><div class="split-price"><span class="split-price__dollars">3</span><span class="split-price__cents">99</span></div></div><div class="product-tile__comparison-price product-tile-collapsing-row__secondary-info"><span class="price-per">$0.18 </span>/<!-- --> <span class="per-unit">oz</span></div><div class="product-tile__purchase-unit product-tile-collapsing-row__primary-info">22 oz</div></div></div></div></div><div class="grid-item" data-product-id="5bd79e4252afce000f044e65"><div class="product-tile product-tile--compact product-tile--market" data-id="5bd79e4252afce000f044e65"><div class="product-tile__favorite not-favorited"><div><div class="product-tile__favorite-circle"><svg class="product-tile__favorite-heart" viewBox="8.9 7.8 18 16.633654"><path d="m 17.89989,23.433653 c 0.631042,-0.630881 4.233291,-4.23521 6.485296,-6.486896 2.017605,-2.017765 1.974565,-4.958732 0.140161,-6.783217 -1.834405,-1.8249642 -4.800652,-1.8169641 -6.625457,0.0176 -1.824645,-1.8345641 -4.790892,-1.8425642 -6.625297,-0.0176 -1.8344041,1.824485 -1.8772842,4.765452 0.140161,6.783217 2.251845,2.251686 5.854574,5.856015 6.485136,6.486896 l 0,0 z"></path></svg></div></div></div><div class="product-tile__product-visuals"><a class="js-product-tile__product-photo-wrapper js-product-photo-link js-product-link" data-alt="Vinegar Window &amp; Glass Cleaner" data-src="https://goodeggs4.imgix.net/6590fbe6-c200-403d-9201-5607b2955e50.jpg?w=380&amp;h=238&amp;fm=jpg&amp;auto=compress&amp;fit=crop" href="https://www.goodeggs.com/sfbay/ecossfbay/vinegar-window-glass-cleaner/5bd79e4252afce000f044e65"><img class="product-tile__product-photo" alt="Vinegar Window &amp; Glass Cleaner" src="./Health &amp; Home _ SF Bay _ Good Eggs_files/6590fbe6-c200-403d-9201-5607b2955e50.jpg"></a><div class="product-tile__product-photo-tinter"></div><div class="product-tile__quick-add"><div class="product-tile__quick-add-count is-transparent"><div class="product-tile__quick-add-quantity"><div class="product-tile__quantity-spinner product-tile__quantity-spinner__quantity js-quantity-indicator">1</div><div class="product-tile__quantity-spinner product-tile__quantity-spinner__previous-quantity js-quantity-indicator">1</div></div><div class="product-tile__quick-add-quantity-label"><div class="product-tile__quick-add-quantity-label-result">added</div><div class="product-tile__quick-add-quantity-label-summary">in your basket</div></div><div class="product-tile__quick-add-gift"><i class="icon icon-share-gift"></i></div><div class="product-tile__quick-add-gift-label"><div class="product-tile__quick-add-gift-summary">Gift in your basket</div></div></div><div class="product-tile__quick-add-buttons"><button class="btn product-tile__quick-add-button product-tile__quick-add-button-remove js-product-tile__quick-remove"><div class="product-tile__quick-add-minus"></div></button><button class="btn product-tile__quick-add-button product-tile__quick-add-button-add js-product-tile__quick-add"><div class="product-tile__quick-add-plus"></div></button></div></div></div><div class="product-tile__product-info"><div class="product-tile__product-name-and-details"><a class="js-producer-link" href="https://www.goodeggs.com/ecossfbay"><div class="product-tile__producer-name">ECOS</div></a><a class="js-product-link" href="https://www.goodeggs.com/sfbay/ecossfbay/vinegar-window-glass-cleaner/5bd79e4252afce000f044e65"><h5 class="product-tile__product-name">Vinegar Window &amp; Glass Cleaner</h5></a></div><div class="product-tile__price-info product-tile-collapsing-row clearfix"><div class="product-tile__purchase-price product-tile-collapsing-row__fixed-right"><div class="split-price"><span class="split-price__dollars">3</span><span class="split-price__cents">99</span></div></div><div class="product-tile__comparison-price product-tile-collapsing-row__secondary-info"><span class="price-per">$0.18 </span>/<!-- --> <span class="per-unit">oz</span></div><div class="product-tile__purchase-unit product-tile-collapsing-row__primary-info">22 oz</div></div></div></div></div><div class="grid-item lazyloaded" data-product-id="5c43881a15a96e000f0e6049"><div class="product-tile product-tile--compact product-tile--market" data-id="5c43881a15a96e000f0e6049"><div class="product-tile__favorite not-favorited"><div><div class="product-tile__favorite-circle"><svg class="product-tile__favorite-heart" viewBox="8.9 7.8 18 16.633654"><path d="m 17.89989,23.433653 c 0.631042,-0.630881 4.233291,-4.23521 6.485296,-6.486896 2.017605,-2.017765 1.974565,-4.958732 0.140161,-6.783217 -1.834405,-1.8249642 -4.800652,-1.8169641 -6.625457,0.0176 -1.824645,-1.8345641 -4.790892,-1.8425642 -6.625297,-0.0176 -1.8344041,1.824485 -1.8772842,4.765452 0.140161,6.783217 2.251845,2.251686 5.854574,5.856015 6.485136,6.486896 l 0,0 z"></path></svg></div></div></div><div class="product-tile__product-visuals"><a href="https://www.goodeggs.com/sfbay/biokleensfbay/all-purpose-cleaner-concentrate/5c43881a15a96e000f0e6049" class="js-product-tile__product-photo-wrapper js-product-photo-link js-product-link" data-alt="All Purpose Cleaner Concentrate" data-src="https://goodeggs4.imgix.net/55e27347-2449-4335-96aa-8c04af2deaa1.jpg?w=380&amp;h=238&amp;fm=jpg&amp;auto=compress&amp;fit=crop"><img class="product-tile__product-photo" alt="All Purpose Cleaner Concentrate" src="./Health &amp; Home _ SF Bay _ Good Eggs_files/55e27347-2449-4335-96aa-8c04af2deaa1.jpg"></a><div class="product-tile__product-photo-tinter"></div><div class="product-tile__quick-add"><div class="product-tile__quick-add-count is-transparent"><div class="product-tile__quick-add-quantity"><div class="product-tile__quantity-spinner product-tile__quantity-spinner__quantity js-quantity-indicator">1</div><div class="product-tile__quantity-spinner product-tile__quantity-spinner__previous-quantity js-quantity-indicator">1</div></div><div class="product-tile__quick-add-quantity-label"><div class="product-tile__quick-add-quantity-label-result">added</div><div class="product-tile__quick-add-quantity-label-summary">in your basket</div></div><div class="product-tile__quick-add-gift"><i class="icon icon-share-gift"></i></div><div class="product-tile__quick-add-gift-label"><div class="product-tile__quick-add-gift-summary">Gift in your basket</div></div></div><div class="product-tile__quick-add-buttons"><button class="btn product-tile__quick-add-button product-tile__quick-add-button-remove js-product-tile__quick-remove"><div class="product-tile__quick-add-minus"></div></button><button class="btn product-tile__quick-add-button product-tile__quick-add-button-add js-product-tile__quick-add"><div class="product-tile__quick-add-plus"></div></button></div></div></div><div class="product-tile__product-info"><div class="product-tile__product-name-and-details"><a class="js-producer-link" href="https://www.goodeggs.com/biokleensfbay"><div class="product-tile__producer-name">Biokleen</div></a><a class="js-product-link" href="https://www.goodeggs.com/sfbay/biokleensfbay/all-purpose-cleaner-concentrate/5c43881a15a96e000f0e6049"><h5 class="product-tile__product-name">All Purpose Cleaner Concentrate</h5></a></div><div class="product-tile__price-info product-tile-collapsing-row clearfix"><div class="product-tile__purchase-price product-tile-collapsing-row__fixed-right"><div class="split-price"><span class="split-price__dollars">6</span><span class="split-price__cents">99</span></div></div><div class="product-tile__comparison-price product-tile-collapsing-row__secondary-info"><span class="price-per">$0.22 </span>/ <span class="per-unit">oz</span></div><div class="product-tile__purchase-unit product-tile-collapsing-row__primary-info">32 oz</div></div></div></div></div></div></div></div></div><div class="product-tiles"><div class="product-listings-view__subcategory-anchor" id="health-home-laundry"></div><h2 class="listings-section-header">Laundry</h2><div id="home-laundry" class="section-page"><div class="product-listings-view__section-anchor" id="health-home-laundry-home-laundry"></div><div class="page"><div class="grid-items"><div class="grid-item lazyloaded" data-product-id="5c3915b44d42c5000ffba091"><div class="product-tile product-tile--compact product-tile--market" data-id="5c3915b44d42c5000ffba091"><div class="product-tile__favorite not-favorited"><div><div class="product-tile__favorite-circle"><svg class="product-tile__favorite-heart" viewBox="8.9 7.8 18 16.633654"><path d="m 17.89989,23.433653 c 0.631042,-0.630881 4.233291,-4.23521 6.485296,-6.486896 2.017605,-2.017765 1.974565,-4.958732 0.140161,-6.783217 -1.834405,-1.8249642 -4.800652,-1.8169641 -6.625457,0.0176 -1.824645,-1.8345641 -4.790892,-1.8425642 -6.625297,-0.0176 -1.8344041,1.824485 -1.8772842,4.765452 0.140161,6.783217 2.251845,2.251686 5.854574,5.856015 6.485136,6.486896 l 0,0 z"></path></svg></div></div></div><div class="product-tile__product-visuals"><a href="https://www.goodeggs.com/sfbay/ecossfbay/free-clear-laundry-liquid/5c3915b44d42c5000ffba091" class="js-product-tile__product-photo-wrapper js-product-photo-link js-product-link" data-alt="Free &amp; Clear Laundry Liquid" data-src="https://goodeggs4.imgix.net/f2327a24-bf4d-4bcc-a2c7-1b2a5ac6501c.jpg?w=380&amp;h=238&amp;fm=jpg&amp;auto=compress&amp;fit=crop"><img class="product-tile__product-photo" alt="Free &amp; Clear Laundry Liquid" src="./Health &amp; Home _ SF Bay _ Good Eggs_files/f2327a24-bf4d-4bcc-a2c7-1b2a5ac6501c.jpg"></a><div class="product-tile__product-photo-tinter"></div><div class="product-tile__quick-add"><div class="product-tile__quick-add-count is-transparent"><div class="product-tile__quick-add-quantity"><div class="product-tile__quantity-spinner product-tile__quantity-spinner__quantity js-quantity-indicator">1</div><div class="product-tile__quantity-spinner product-tile__quantity-spinner__previous-quantity js-quantity-indicator">1</div></div><div class="product-tile__quick-add-quantity-label"><div class="product-tile__quick-add-quantity-label-result">added</div><div class="product-tile__quick-add-quantity-label-summary">in your basket</div></div><div class="product-tile__quick-add-gift"><i class="icon icon-share-gift"></i></div><div class="product-tile__quick-add-gift-label"><div class="product-tile__quick-add-gift-summary">Gift in your basket</div></div></div><div class="product-tile__quick-add-buttons"><button class="btn product-tile__quick-add-button product-tile__quick-add-button-remove js-product-tile__quick-remove"><div class="product-tile__quick-add-minus"></div></button><button class="btn product-tile__quick-add-button product-tile__quick-add-button-add js-product-tile__quick-add"><div class="product-tile__quick-add-plus"></div></button></div></div></div><div class="product-tile__product-info"><div class="product-tile__product-name-and-details"><a class="js-producer-link" href="https://www.goodeggs.com/ecossfbay"><div class="product-tile__producer-name">ECOS</div></a><a class="js-product-link" href="https://www.goodeggs.com/sfbay/ecossfbay/free-clear-laundry-liquid/5c3915b44d42c5000ffba091"><h5 class="product-tile__product-name">Free &amp; Clear Laundry Liquid</h5></a></div><div class="product-tile__price-info product-tile-collapsing-row clearfix"><div class="product-tile__purchase-price product-tile-collapsing-row__fixed-right"><div class="split-price"><span class="split-price__dollars">13</span><span class="split-price__cents">99</span></div></div><div class="product-tile__comparison-price product-tile-collapsing-row__secondary-info"><span class="price-per">$0.14 </span>/ <span class="per-unit">oz</span></div><div class="product-tile__purchase-unit product-tile-collapsing-row__primary-info">100 oz</div></div></div></div></div><div class="grid-item lazyloaded" data-product-id="5c39183a285c0e000fa64b97"><div class="product-tile product-tile--compact product-tile--market" data-id="5c39183a285c0e000fa64b97"><div class="product-tile__favorite not-favorited"><div><div class="product-tile__favorite-circle"><svg class="product-tile__favorite-heart" viewBox="8.9 7.8 18 16.633654"><path d="m 17.89989,23.433653 c 0.631042,-0.630881 4.233291,-4.23521 6.485296,-6.486896 2.017605,-2.017765 1.974565,-4.958732 0.140161,-6.783217 -1.834405,-1.8249642 -4.800652,-1.8169641 -6.625457,0.0176 -1.824645,-1.8345641 -4.790892,-1.8425642 -6.625297,-0.0176 -1.8344041,1.824485 -1.8772842,4.765452 0.140161,6.783217 2.251845,2.251686 5.854574,5.856015 6.485136,6.486896 l 0,0 z"></path></svg></div></div></div><div class="product-tile__product-visuals"><a href="https://www.goodeggs.com/sfbay/ecossfbay/lavender-laundry-liquid/5c39183a285c0e000fa64b97" class="js-product-tile__product-photo-wrapper js-product-photo-link js-product-link" data-alt="Lavender Laundry Liquid" data-src="https://goodeggs4.imgix.net/5e2fd7a3-a362-4f99-9d6a-88178210fb5d.jpg?w=380&amp;h=238&amp;fm=jpg&amp;auto=compress&amp;fit=crop"><img class="product-tile__product-photo" alt="Lavender Laundry Liquid" src="./Health &amp; Home _ SF Bay _ Good Eggs_files/5e2fd7a3-a362-4f99-9d6a-88178210fb5d.jpg"></a><div class="product-tile__product-photo-tinter"></div><div class="product-tile__quick-add"><div class="product-tile__quick-add-count is-transparent"><div class="product-tile__quick-add-quantity"><div class="product-tile__quantity-spinner product-tile__quantity-spinner__quantity js-quantity-indicator">1</div><div class="product-tile__quantity-spinner product-tile__quantity-spinner__previous-quantity js-quantity-indicator">1</div></div><div class="product-tile__quick-add-quantity-label"><div class="product-tile__quick-add-quantity-label-result">added</div><div class="product-tile__quick-add-quantity-label-summary">in your basket</div></div><div class="product-tile__quick-add-gift"><i class="icon icon-share-gift"></i></div><div class="product-tile__quick-add-gift-label"><div class="product-tile__quick-add-gift-summary">Gift in your basket</div></div></div><div class="product-tile__quick-add-buttons"><button class="btn product-tile__quick-add-button product-tile__quick-add-button-remove js-product-tile__quick-remove"><div class="product-tile__quick-add-minus"></div></button><button class="btn product-tile__quick-add-button product-tile__quick-add-button-add js-product-tile__quick-add"><div class="product-tile__quick-add-plus"></div></button></div></div></div><div class="product-tile__product-info"><div class="product-tile__product-name-and-details"><a class="js-producer-link" href="https://www.goodeggs.com/ecossfbay"><div class="product-tile__producer-name">ECOS</div></a><a class="js-product-link" href="https://www.goodeggs.com/sfbay/ecossfbay/lavender-laundry-liquid/5c39183a285c0e000fa64b97"><h5 class="product-tile__product-name">Lavender Laundry Liquid</h5></a></div><div class="product-tile__price-info product-tile-collapsing-row clearfix"><div class="product-tile__purchase-price product-tile-collapsing-row__fixed-right"><div class="split-price"><span class="split-price__dollars">13</span><span class="split-price__cents">99</span></div></div><div class="product-tile__comparison-price product-tile-collapsing-row__secondary-info"><span class="price-per">$0.14 </span>/ <span class="per-unit">oz</span></div><div class="product-tile__purchase-unit product-tile-collapsing-row__primary-info">100 oz</div></div></div></div></div><div class="grid-item lazyloaded" data-product-id="5c391efd4d42c5000ffba10e"><div class="product-tile product-tile--compact product-tile--market" data-id="5c391efd4d42c5000ffba10e"><div class="product-tile__favorite not-favorited"><div><div class="product-tile__favorite-circle"><svg class="product-tile__favorite-heart" viewBox="8.9 7.8 18 16.633654"><path d="m 17.89989,23.433653 c 0.631042,-0.630881 4.233291,-4.23521 6.485296,-6.486896 2.017605,-2.017765 1.974565,-4.958732 0.140161,-6.783217 -1.834405,-1.8249642 -4.800652,-1.8169641 -6.625457,0.0176 -1.824645,-1.8345641 -4.790892,-1.8425642 -6.625297,-0.0176 -1.8344041,1.824485 -1.8772842,4.765452 0.140161,6.783217 2.251845,2.251686 5.854574,5.856015 6.485136,6.486896 l 0,0 z"></path></svg></div></div></div><div class="product-tile__product-visuals"><a href="https://www.goodeggs.com/sfbay/biokleensfbay/free-clear-laundry-liquid/5c391efd4d42c5000ffba10e" class="js-product-tile__product-photo-wrapper js-product-photo-link js-product-link" data-alt="Free &amp; Clear Laundry Liquid" data-src="https://goodeggs4.imgix.net/8eee2a85-6477-426d-902d-35a412506e95.jpg?w=380&amp;h=238&amp;fm=jpg&amp;auto=compress&amp;fit=crop"><img class="product-tile__product-photo" alt="Free &amp; Clear Laundry Liquid" src="./Health &amp; Home _ SF Bay _ Good Eggs_files/8eee2a85-6477-426d-902d-35a412506e95.jpg"></a><div class="product-tile__product-photo-tinter"></div><div class="product-tile__quick-add"><div class="product-tile__quick-add-count is-transparent"><div class="product-tile__quick-add-quantity"><div class="product-tile__quantity-spinner product-tile__quantity-spinner__quantity js-quantity-indicator">1</div><div class="product-tile__quantity-spinner product-tile__quantity-spinner__previous-quantity js-quantity-indicator">1</div></div><div class="product-tile__quick-add-quantity-label"><div class="product-tile__quick-add-quantity-label-result">added</div><div class="product-tile__quick-add-quantity-label-summary">in your basket</div></div><div class="product-tile__quick-add-gift"><i class="icon icon-share-gift"></i></div><div class="product-tile__quick-add-gift-label"><div class="product-tile__quick-add-gift-summary">Gift in your basket</div></div></div><div class="product-tile__quick-add-buttons"><button class="btn product-tile__quick-add-button product-tile__quick-add-button-remove js-product-tile__quick-remove"><div class="product-tile__quick-add-minus"></div></button><button class="btn product-tile__quick-add-button product-tile__quick-add-button-add js-product-tile__quick-add"><div class="product-tile__quick-add-plus"></div></button></div></div></div><div class="product-tile__product-info"><div class="product-tile__product-name-and-details"><a class="js-producer-link" href="https://www.goodeggs.com/biokleensfbay"><div class="product-tile__producer-name">Biokleen</div></a><a class="js-product-link" href="https://www.goodeggs.com/sfbay/biokleensfbay/free-clear-laundry-liquid/5c391efd4d42c5000ffba10e"><h5 class="product-tile__product-name">Free &amp; Clear Laundry Liquid</h5></a></div><div class="product-tile__price-info product-tile-collapsing-row clearfix"><div class="product-tile__purchase-price product-tile-collapsing-row__fixed-right"><div class="split-price"><span class="split-price__dollars">12</span><span class="split-price__cents">99</span></div></div><div class="product-tile__comparison-price product-tile-collapsing-row__secondary-info"><span class="price-per">$0.20 </span>/ <span class="per-unit">oz</span></div><div class="product-tile__purchase-unit product-tile-collapsing-row__primary-info">64 oz</div></div></div></div></div><div class="grid-item lazyloaded" data-product-id="5c391f65285c0e000fa64be9"><div class="product-tile product-tile--compact product-tile--market" data-id="5c391f65285c0e000fa64be9"><div class="product-tile__favorite not-favorited"><div><div class="product-tile__favorite-circle"><svg class="product-tile__favorite-heart" viewBox="8.9 7.8 18 16.633654"><path d="m 17.89989,23.433653 c 0.631042,-0.630881 4.233291,-4.23521 6.485296,-6.486896 2.017605,-2.017765 1.974565,-4.958732 0.140161,-6.783217 -1.834405,-1.8249642 -4.800652,-1.8169641 -6.625457,0.0176 -1.824645,-1.8345641 -4.790892,-1.8425642 -6.625297,-0.0176 -1.8344041,1.824485 -1.8772842,4.765452 0.140161,6.783217 2.251845,2.251686 5.854574,5.856015 6.485136,6.486896 l 0,0 z"></path></svg></div></div></div><div class="product-tile__product-visuals"><a href="https://www.goodeggs.com/sfbay/biokleensfbay/citrus-essence-laundry-liquid/5c391f65285c0e000fa64be9" class="js-product-tile__product-photo-wrapper js-product-photo-link js-product-link" data-alt="Citrus Essence Laundry Liquid" data-src="https://goodeggs4.imgix.net/ab23bced-9e2c-4644-91cf-1cc8274145ef.jpg?w=380&amp;h=238&amp;fm=jpg&amp;auto=compress&amp;fit=crop"><img class="product-tile__product-photo" alt="Citrus Essence Laundry Liquid" src="./Health &amp; Home _ SF Bay _ Good Eggs_files/ab23bced-9e2c-4644-91cf-1cc8274145ef.jpg"></a><div class="product-tile__product-photo-tinter"></div><div class="product-tile__quick-add"><div class="product-tile__quick-add-count is-transparent"><div class="product-tile__quick-add-quantity"><div class="product-tile__quantity-spinner product-tile__quantity-spinner__quantity js-quantity-indicator">1</div><div class="product-tile__quantity-spinner product-tile__quantity-spinner__previous-quantity js-quantity-indicator">1</div></div><div class="product-tile__quick-add-quantity-label"><div class="product-tile__quick-add-quantity-label-result">added</div><div class="product-tile__quick-add-quantity-label-summary">in your basket</div></div><div class="product-tile__quick-add-gift"><i class="icon icon-share-gift"></i></div><div class="product-tile__quick-add-gift-label"><div class="product-tile__quick-add-gift-summary">Gift in your basket</div></div></div><div class="product-tile__quick-add-buttons"><button class="btn product-tile__quick-add-button product-tile__quick-add-button-remove js-product-tile__quick-remove"><div class="product-tile__quick-add-minus"></div></button><button class="btn product-tile__quick-add-button product-tile__quick-add-button-add js-product-tile__quick-add"><div class="product-tile__quick-add-plus"></div></button></div></div></div><div class="product-tile__product-info"><div class="product-tile__product-name-and-details"><a class="js-producer-link" href="https://www.goodeggs.com/biokleensfbay"><div class="product-tile__producer-name">Biokleen</div></a><a class="js-product-link" href="https://www.goodeggs.com/sfbay/biokleensfbay/citrus-essence-laundry-liquid/5c391f65285c0e000fa64be9"><h5 class="product-tile__product-name">Citrus Essence Laundry Liquid</h5></a></div><div class="product-tile__price-info product-tile-collapsing-row clearfix"><div class="product-tile__purchase-price product-tile-collapsing-row__fixed-right"><div class="split-price"><span class="split-price__dollars">12</span><span class="split-price__cents">99</span></div></div><div class="product-tile__comparison-price product-tile-collapsing-row__secondary-info"><span class="price-per">$0.20 </span>/ <span class="per-unit">oz</span></div><div class="product-tile__purchase-unit product-tile-collapsing-row__primary-info">64 oz</div></div></div></div></div><div class="grid-item lazyloaded" data-product-id="5c39200b285c0e000fa64bf6"><div class="product-tile product-tile--compact product-tile--market" data-id="5c39200b285c0e000fa64bf6"><div class="product-tile__favorite not-favorited"><div><div class="product-tile__favorite-circle"><svg class="product-tile__favorite-heart" viewBox="8.9 7.8 18 16.633654"><path d="m 17.89989,23.433653 c 0.631042,-0.630881 4.233291,-4.23521 6.485296,-6.486896 2.017605,-2.017765 1.974565,-4.958732 0.140161,-6.783217 -1.834405,-1.8249642 -4.800652,-1.8169641 -6.625457,0.0176 -1.824645,-1.8345641 -4.790892,-1.8425642 -6.625297,-0.0176 -1.8344041,1.824485 -1.8772842,4.765452 0.140161,6.783217 2.251845,2.251686 5.854574,5.856015 6.485136,6.486896 l 0,0 z"></path></svg></div></div></div><div class="product-tile__product-visuals"><a href="https://www.goodeggs.com/sfbay/biokleensfbay/sport-laundry-liquid/5c39200b285c0e000fa64bf6" class="js-product-tile__product-photo-wrapper js-product-photo-link js-product-link" data-alt="Sport Laundry Liquid" data-src="https://goodeggs4.imgix.net/bacbb8f9-752c-4b03-8aaa-c0597170d406.jpg?w=380&amp;h=238&amp;fm=jpg&amp;auto=compress&amp;fit=crop"><img class="product-tile__product-photo" alt="Sport Laundry Liquid" src="./Health &amp; Home _ SF Bay _ Good Eggs_files/bacbb8f9-752c-4b03-8aaa-c0597170d406.jpg"></a><div class="product-tile__product-photo-tinter"></div><div class="product-tile__quick-add"><div class="product-tile__quick-add-count is-transparent"><div class="product-tile__quick-add-quantity"><div class="product-tile__quantity-spinner product-tile__quantity-spinner__quantity js-quantity-indicator">1</div><div class="product-tile__quantity-spinner product-tile__quantity-spinner__previous-quantity js-quantity-indicator">1</div></div><div class="product-tile__quick-add-quantity-label"><div class="product-tile__quick-add-quantity-label-result">added</div><div class="product-tile__quick-add-quantity-label-summary">in your basket</div></div><div class="product-tile__quick-add-gift"><i class="icon icon-share-gift"></i></div><div class="product-tile__quick-add-gift-label"><div class="product-tile__quick-add-gift-summary">Gift in your basket</div></div></div><div class="product-tile__quick-add-buttons"><button class="btn product-tile__quick-add-button product-tile__quick-add-button-remove js-product-tile__quick-remove"><div class="product-tile__quick-add-minus"></div></button><button class="btn product-tile__quick-add-button product-tile__quick-add-button-add js-product-tile__quick-add"><div class="product-tile__quick-add-plus"></div></button></div></div></div><div class="product-tile__product-info"><div class="product-tile__product-name-and-details"><a class="js-producer-link" href="https://www.goodeggs.com/biokleensfbay"><div class="product-tile__producer-name">Biokleen</div></a><a class="js-product-link" href="https://www.goodeggs.com/sfbay/biokleensfbay/sport-laundry-liquid/5c39200b285c0e000fa64bf6"><h5 class="product-tile__product-name">Sport Laundry Liquid</h5></a></div><div class="product-tile__price-info product-tile-collapsing-row clearfix"><div class="product-tile__purchase-price product-tile-collapsing-row__fixed-right"><div class="split-price"><span class="split-price__dollars">12</span><span class="split-price__cents">99</span></div></div><div class="product-tile__comparison-price product-tile-collapsing-row__secondary-info"><span class="price-per">$0.20 </span>/ <span class="per-unit">oz</span></div><div class="product-tile__purchase-unit product-tile-collapsing-row__primary-info">64 oz</div></div></div></div></div><div class="grid-item lazyloaded" data-product-id="5c39209d4d42c5000ffba12a"><div class="product-tile product-tile--compact product-tile--market" data-id="5c39209d4d42c5000ffba12a"><div class="product-tile__favorite not-favorited"><div><div class="product-tile__favorite-circle"><svg class="product-tile__favorite-heart" viewBox="8.9 7.8 18 16.633654"><path d="m 17.89989,23.433653 c 0.631042,-0.630881 4.233291,-4.23521 6.485296,-6.486896 2.017605,-2.017765 1.974565,-4.958732 0.140161,-6.783217 -1.834405,-1.8249642 -4.800652,-1.8169641 -6.625457,0.0176 -1.824645,-1.8345641 -4.790892,-1.8425642 -6.625297,-0.0176 -1.8344041,1.824485 -1.8772842,4.765452 0.140161,6.783217 2.251845,2.251686 5.854574,5.856015 6.485136,6.486896 l 0,0 z"></path></svg></div></div></div><div class="product-tile__product-visuals"><a href="https://www.goodeggs.com/sfbay/biokleensfbay/free-clear-laundry-powder/5c39209d4d42c5000ffba12a" class="js-product-tile__product-photo-wrapper js-product-photo-link js-product-link" data-alt="Free &amp; Clear Laundry Powder" data-src="https://goodeggs4.imgix.net/5558c702-ea93-4edb-baee-92a881b5a8f9.jpg?w=380&amp;h=238&amp;fm=jpg&amp;auto=compress&amp;fit=crop"><img class="product-tile__product-photo" alt="Free &amp; Clear Laundry Powder" src="./Health &amp; Home _ SF Bay _ Good Eggs_files/5558c702-ea93-4edb-baee-92a881b5a8f9.jpg"></a><div class="product-tile__product-photo-tinter"></div><div class="product-tile__quick-add"><div class="product-tile__quick-add-count is-transparent"><div class="product-tile__quick-add-quantity"><div class="product-tile__quantity-spinner product-tile__quantity-spinner__quantity js-quantity-indicator">1</div><div class="product-tile__quantity-spinner product-tile__quantity-spinner__previous-quantity js-quantity-indicator">1</div></div><div class="product-tile__quick-add-quantity-label"><div class="product-tile__quick-add-quantity-label-result">added</div><div class="product-tile__quick-add-quantity-label-summary">in your basket</div></div><div class="product-tile__quick-add-gift"><i class="icon icon-share-gift"></i></div><div class="product-tile__quick-add-gift-label"><div class="product-tile__quick-add-gift-summary">Gift in your basket</div></div></div><div class="product-tile__quick-add-buttons"><button class="btn product-tile__quick-add-button product-tile__quick-add-button-remove js-product-tile__quick-remove"><div class="product-tile__quick-add-minus"></div></button><button class="btn product-tile__quick-add-button product-tile__quick-add-button-add js-product-tile__quick-add"><div class="product-tile__quick-add-plus"></div></button></div></div></div><div class="product-tile__product-info"><div class="product-tile__product-name-and-details"><a class="js-producer-link" href="https://www.goodeggs.com/biokleensfbay"><div class="product-tile__producer-name">Biokleen</div></a><a class="js-product-link" href="https://www.goodeggs.com/sfbay/biokleensfbay/free-clear-laundry-powder/5c39209d4d42c5000ffba12a"><h5 class="product-tile__product-name">Free &amp; Clear Laundry Powder</h5></a></div><div class="product-tile__price-info product-tile-collapsing-row clearfix"><div class="product-tile__purchase-price product-tile-collapsing-row__fixed-right"><div class="split-price"><span class="split-price__dollars">19</span><span class="split-price__cents">99</span></div></div><div class="product-tile__comparison-price product-tile-collapsing-row__secondary-info"><span class="price-per">$0.12 </span>/ <span class="per-unit">oz</span></div><div class="product-tile__purchase-unit product-tile-collapsing-row__primary-info">10 lb</div></div></div></div></div><div class="grid-item lazyloaded" data-product-id="5c391a344d42c5000ffba0e3"><div class="product-tile product-tile--compact product-tile--market" data-id="5c391a344d42c5000ffba0e3"><div class="product-tile__favorite not-favorited"><div><div class="product-tile__favorite-circle"><svg class="product-tile__favorite-heart" viewBox="8.9 7.8 18 16.633654"><path d="m 17.89989,23.433653 c 0.631042,-0.630881 4.233291,-4.23521 6.485296,-6.486896 2.017605,-2.017765 1.974565,-4.958732 0.140161,-6.783217 -1.834405,-1.8249642 -4.800652,-1.8169641 -6.625457,0.0176 -1.824645,-1.8345641 -4.790892,-1.8425642 -6.625297,-0.0176 -1.8344041,1.824485 -1.8772842,4.765452 0.140161,6.783217 2.251845,2.251686 5.854574,5.856015 6.485136,6.486896 l 0,0 z"></path></svg></div></div></div><div class="product-tile__product-visuals"><a href="https://www.goodeggs.com/sfbay/ecossfbay/free-clear-laundry-pods/5c391a344d42c5000ffba0e3" class="js-product-tile__product-photo-wrapper js-product-photo-link js-product-link" data-alt="Free &amp; Clear Laundry Pods" data-src="https://goodeggs4.imgix.net/c3705a64-3c77-4d4f-b24c-14f0b9a8420c.jpg?w=380&amp;h=238&amp;fm=jpg&amp;auto=compress&amp;fit=crop"><img class="product-tile__product-photo" alt="Free &amp; Clear Laundry Pods" src="./Health &amp; Home _ SF Bay _ Good Eggs_files/c3705a64-3c77-4d4f-b24c-14f0b9a8420c.jpg"></a><div class="product-tile__product-photo-tinter"></div><div class="product-tile__quick-add"><div class="product-tile__quick-add-count is-transparent"><div class="product-tile__quick-add-quantity"><div class="product-tile__quantity-spinner product-tile__quantity-spinner__quantity js-quantity-indicator">1</div><div class="product-tile__quantity-spinner product-tile__quantity-spinner__previous-quantity js-quantity-indicator">1</div></div><div class="product-tile__quick-add-quantity-label"><div class="product-tile__quick-add-quantity-label-result">added</div><div class="product-tile__quick-add-quantity-label-summary">in your basket</div></div><div class="product-tile__quick-add-gift"><i class="icon icon-share-gift"></i></div><div class="product-tile__quick-add-gift-label"><div class="product-tile__quick-add-gift-summary">Gift in your basket</div></div></div><div class="product-tile__quick-add-buttons"><button class="btn product-tile__quick-add-button product-tile__quick-add-button-remove js-product-tile__quick-remove"><div class="product-tile__quick-add-minus"></div></button><button class="btn product-tile__quick-add-button product-tile__quick-add-button-add js-product-tile__quick-add"><div class="product-tile__quick-add-plus"></div></button></div></div></div><div class="product-tile__product-info"><div class="product-tile__product-name-and-details"><a class="js-producer-link" href="https://www.goodeggs.com/ecossfbay"><div class="product-tile__producer-name">ECOS</div></a><a class="js-product-link" href="https://www.goodeggs.com/sfbay/ecossfbay/free-clear-laundry-pods/5c391a344d42c5000ffba0e3"><h5 class="product-tile__product-name">Free &amp; Clear Laundry Pods</h5></a></div><div class="product-tile__price-info product-tile-collapsing-row clearfix"><div class="product-tile__purchase-price product-tile-collapsing-row__fixed-right"><div class="split-price"><span class="split-price__dollars">6</span><span class="split-price__cents">99</span></div></div><div class="product-tile__comparison-price product-tile-collapsing-row__secondary-info"><span class="price-per">$0.39 </span>/ <span class="per-unit">oz</span></div><div class="product-tile__purchase-unit product-tile-collapsing-row__primary-info">20 count</div></div></div></div></div><div class="grid-item lazyloaded" data-product-id="5c3921ee4d42c5000ffba13e"><div class="product-tile product-tile--compact product-tile--market" data-id="5c3921ee4d42c5000ffba13e"><div class="product-tile__favorite not-favorited"><div><div class="product-tile__favorite-circle"><svg class="product-tile__favorite-heart" viewBox="8.9 7.8 18 16.633654"><path d="m 17.89989,23.433653 c 0.631042,-0.630881 4.233291,-4.23521 6.485296,-6.486896 2.017605,-2.017765 1.974565,-4.958732 0.140161,-6.783217 -1.834405,-1.8249642 -4.800652,-1.8169641 -6.625457,0.0176 -1.824645,-1.8345641 -4.790892,-1.8425642 -6.625297,-0.0176 -1.8344041,1.824485 -1.8772842,4.765452 0.140161,6.783217 2.251845,2.251686 5.854574,5.856015 6.485136,6.486896 l 0,0 z"></path></svg></div></div></div><div class="product-tile__product-visuals"><a href="https://www.goodeggs.com/sfbay/biokleensfbay/oxygen-laundry-bleach-plus/5c3921ee4d42c5000ffba13e" class="js-product-tile__product-photo-wrapper js-product-photo-link js-product-link" data-alt="Oxygen Laundry Bleach Plus" data-src="https://goodeggs4.imgix.net/aef84cbf-e715-4bdb-a772-757d41968d74.jpg?w=380&amp;h=238&amp;fm=jpg&amp;auto=compress&amp;fit=crop"><img class="product-tile__product-photo" alt="Oxygen Laundry Bleach Plus" src="./Health &amp; Home _ SF Bay _ Good Eggs_files/aef84cbf-e715-4bdb-a772-757d41968d74.jpg"></a><div class="product-tile__product-photo-tinter"></div><div class="product-tile__quick-add"><div class="product-tile__quick-add-count is-transparent"><div class="product-tile__quick-add-quantity"><div class="product-tile__quantity-spinner product-tile__quantity-spinner__quantity js-quantity-indicator">1</div><div class="product-tile__quantity-spinner product-tile__quantity-spinner__previous-quantity js-quantity-indicator">1</div></div><div class="product-tile__quick-add-quantity-label"><div class="product-tile__quick-add-quantity-label-result">added</div><div class="product-tile__quick-add-quantity-label-summary">in your basket</div></div><div class="product-tile__quick-add-gift"><i class="icon icon-share-gift"></i></div><div class="product-tile__quick-add-gift-label"><div class="product-tile__quick-add-gift-summary">Gift in your basket</div></div></div><div class="product-tile__quick-add-buttons"><button class="btn product-tile__quick-add-button product-tile__quick-add-button-remove js-product-tile__quick-remove"><div class="product-tile__quick-add-minus"></div></button><button class="btn product-tile__quick-add-button product-tile__quick-add-button-add js-product-tile__quick-add"><div class="product-tile__quick-add-plus"></div></button></div></div></div><div class="product-tile__product-info"><div class="product-tile__product-name-and-details"><a class="js-producer-link" href="https://www.goodeggs.com/biokleensfbay"><div class="product-tile__producer-name">Biokleen</div></a><a class="js-product-link" href="https://www.goodeggs.com/sfbay/biokleensfbay/oxygen-laundry-bleach-plus/5c3921ee4d42c5000ffba13e"><h5 class="product-tile__product-name">Oxygen Laundry Bleach Plus</h5></a></div><div class="product-tile__price-info product-tile-collapsing-row clearfix"><div class="product-tile__purchase-price product-tile-collapsing-row__fixed-right"><div class="split-price"><span class="split-price__dollars">6</span><span class="split-price__cents">99</span></div></div><div class="product-tile__comparison-price product-tile-collapsing-row__secondary-info"><span class="price-per">$0.22 </span>/ <span class="per-unit">oz</span></div><div class="product-tile__purchase-unit product-tile-collapsing-row__primary-info">2 lb</div></div></div></div></div><div class="grid-item lazyloaded" data-product-id="5c3921384d42c5000ffba137"><div class="product-tile product-tile--compact product-tile--market" data-id="5c3921384d42c5000ffba137"><div class="product-tile__favorite not-favorited"><div><div class="product-tile__favorite-circle"><svg class="product-tile__favorite-heart" viewBox="8.9 7.8 18 16.633654"><path d="m 17.89989,23.433653 c 0.631042,-0.630881 4.233291,-4.23521 6.485296,-6.486896 2.017605,-2.017765 1.974565,-4.958732 0.140161,-6.783217 -1.834405,-1.8249642 -4.800652,-1.8169641 -6.625457,0.0176 -1.824645,-1.8345641 -4.790892,-1.8425642 -6.625297,-0.0176 -1.8344041,1.824485 -1.8772842,4.765452 0.140161,6.783217 2.251845,2.251686 5.854574,5.856015 6.485136,6.486896 l 0,0 z"></path></svg></div></div></div><div class="product-tile__product-visuals"><a href="https://www.goodeggs.com/sfbay/biokleensfbay/citrus-essence-laundry-powder/5c3921384d42c5000ffba137" class="js-product-tile__product-photo-wrapper js-product-photo-link js-product-link" data-alt="Citrus Essence Laundry Powder" data-src="https://goodeggs4.imgix.net/1cf56241-e260-420e-8158-efe6a2ab93b6.jpg?w=380&amp;h=238&amp;fm=jpg&amp;auto=compress&amp;fit=crop"><img class="product-tile__product-photo" alt="Citrus Essence Laundry Powder" src="./Health &amp; Home _ SF Bay _ Good Eggs_files/1cf56241-e260-420e-8158-efe6a2ab93b6.jpg"></a><div class="product-tile__product-photo-tinter"></div><div class="product-tile__quick-add"><div class="product-tile__quick-add-count is-transparent"><div class="product-tile__quick-add-quantity"><div class="product-tile__quantity-spinner product-tile__quantity-spinner__quantity js-quantity-indicator">1</div><div class="product-tile__quantity-spinner product-tile__quantity-spinner__previous-quantity js-quantity-indicator">1</div></div><div class="product-tile__quick-add-quantity-label"><div class="product-tile__quick-add-quantity-label-result">added</div><div class="product-tile__quick-add-quantity-label-summary">in your basket</div></div><div class="product-tile__quick-add-gift"><i class="icon icon-share-gift"></i></div><div class="product-tile__quick-add-gift-label"><div class="product-tile__quick-add-gift-summary">Gift in your basket</div></div></div><div class="product-tile__quick-add-buttons"><button class="btn product-tile__quick-add-button product-tile__quick-add-button-remove js-product-tile__quick-remove"><div class="product-tile__quick-add-minus"></div></button><button class="btn product-tile__quick-add-button product-tile__quick-add-button-add js-product-tile__quick-add"><div class="product-tile__quick-add-plus"></div></button></div></div></div><div class="product-tile__product-info"><div class="product-tile__product-name-and-details"><a class="js-producer-link" href="https://www.goodeggs.com/biokleensfbay"><div class="product-tile__producer-name">Biokleen</div></a><a class="js-product-link" href="https://www.goodeggs.com/sfbay/biokleensfbay/citrus-essence-laundry-powder/5c3921384d42c5000ffba137"><h5 class="product-tile__product-name">Citrus Essence Laundry Powder</h5></a></div><div class="product-tile__price-info product-tile-collapsing-row clearfix"><div class="product-tile__purchase-price product-tile-collapsing-row__fixed-right"><div class="split-price"><span class="split-price__dollars">10</span><span class="split-price__cents">99</span></div></div><div class="product-tile__comparison-price product-tile-collapsing-row__secondary-info"><span class="price-per">$0.14 </span>/ <span class="per-unit">oz</span></div><div class="product-tile__purchase-unit product-tile-collapsing-row__primary-info">5 lb</div></div></div></div></div></div></div></div></div><div class="product-tiles"><div class="product-listings-view__subcategory-anchor" id="health-home-kitchen"></div><h2 class="listings-section-header">Kitchen Essentials</h2><div id="kitchen-wraps" class="section-page"><div class="product-listings-view__section-anchor" id="health-home-kitchen-kitchen-wraps"></div><h3 class="listings-section-header">Wraps &amp; Foils</h3><div class="page"><div class="grid-items"><div class="grid-item lazyloaded" data-product-id="59f8de35857419000dfe1d6a"><div class="product-tile product-tile--compact product-tile--market" data-id="59f8de35857419000dfe1d6a"><div class="product-tile__favorite not-favorited"><div><div class="product-tile__favorite-circle"><svg class="product-tile__favorite-heart" viewBox="8.9 7.8 18 16.633654"><path d="m 17.89989,23.433653 c 0.631042,-0.630881 4.233291,-4.23521 6.485296,-6.486896 2.017605,-2.017765 1.974565,-4.958732 0.140161,-6.783217 -1.834405,-1.8249642 -4.800652,-1.8169641 -6.625457,0.0176 -1.824645,-1.8345641 -4.790892,-1.8425642 -6.625297,-0.0176 -1.8344041,1.824485 -1.8772842,4.765452 0.140161,6.783217 2.251845,2.251686 5.854574,5.856015 6.485136,6.486896 l 0,0 z"></path></svg></div></div></div><div class="product-tile__product-visuals"><a href="https://www.goodeggs.com/sfbay/ifyoucaresfbay/parchment-paper/59f8de35857419000dfe1d6a" class="js-product-tile__product-photo-wrapper js-product-photo-link js-product-link" data-alt="Parchment Paper" data-src="https://goodeggs4.imgix.net/173e2d89-29a1-4835-9521-d95e95420e6a.jpg?w=380&amp;h=238&amp;fm=jpg&amp;auto=compress&amp;fit=crop"><img class="product-tile__product-photo" alt="Parchment Paper" src="./Health &amp; Home _ SF Bay _ Good Eggs_files/173e2d89-29a1-4835-9521-d95e95420e6a.jpg"></a><div class="product-tile__product-photo-tinter"></div><div class="product-tile__quick-add"><div class="product-tile__quick-add-count is-transparent"><div class="product-tile__quick-add-quantity"><div class="product-tile__quantity-spinner product-tile__quantity-spinner__quantity js-quantity-indicator">1</div><div class="product-tile__quantity-spinner product-tile__quantity-spinner__previous-quantity js-quantity-indicator">1</div></div><div class="product-tile__quick-add-quantity-label"><div class="product-tile__quick-add-quantity-label-result">added</div><div class="product-tile__quick-add-quantity-label-summary">in your basket</div></div><div class="product-tile__quick-add-gift"><i class="icon icon-share-gift"></i></div><div class="product-tile__quick-add-gift-label"><div class="product-tile__quick-add-gift-summary">Gift in your basket</div></div></div><div class="product-tile__quick-add-buttons"><button class="btn product-tile__quick-add-button product-tile__quick-add-button-remove js-product-tile__quick-remove"><div class="product-tile__quick-add-minus"></div></button><button class="btn product-tile__quick-add-button product-tile__quick-add-button-add js-product-tile__quick-add"><div class="product-tile__quick-add-plus"></div></button></div></div></div><div class="product-tile__product-info"><div class="product-tile__product-name-and-details"><a class="js-producer-link" href="https://www.goodeggs.com/ifyoucaresfbay"><div class="product-tile__producer-name">If You Care</div></a><a class="js-product-link" href="https://www.goodeggs.com/sfbay/ifyoucaresfbay/parchment-paper/59f8de35857419000dfe1d6a"><h5 class="product-tile__product-name">Parchment Paper</h5></a></div><div class="product-tile__price-info product-tile-collapsing-row clearfix"><div class="product-tile__purchase-price product-tile-collapsing-row__fixed-right"><div class="split-price"><span class="split-price__dollars">6</span><span class="split-price__cents">99</span></div></div><div class="product-tile__purchase-unit product-tile-collapsing-row__primary-info">1 count</div></div></div></div></div><div class="grid-item lazyloaded" data-product-id="59fa4e806c15c0000bb6c8c3"><div class="product-tile product-tile--compact product-tile--market" data-id="59fa4e806c15c0000bb6c8c3"><div class="product-tile__favorite not-favorited"><div><div class="product-tile__favorite-circle"><svg class="product-tile__favorite-heart" viewBox="8.9 7.8 18 16.633654"><path d="m 17.89989,23.433653 c 0.631042,-0.630881 4.233291,-4.23521 6.485296,-6.486896 2.017605,-2.017765 1.974565,-4.958732 0.140161,-6.783217 -1.834405,-1.8249642 -4.800652,-1.8169641 -6.625457,0.0176 -1.824645,-1.8345641 -4.790892,-1.8425642 -6.625297,-0.0176 -1.8344041,1.824485 -1.8772842,4.765452 0.140161,6.783217 2.251845,2.251686 5.854574,5.856015 6.485136,6.486896 l 0,0 z"></path></svg></div></div></div><div class="product-tile__product-visuals"><a href="https://www.goodeggs.com/sfbay/ifyoucaresfbay/aluminum-foil/59fa4e806c15c0000bb6c8c3" class="js-product-tile__product-photo-wrapper js-product-photo-link js-product-link" data-alt="Aluminum Foil" data-src="https://goodeggs4.imgix.net/f8ad7940-779e-4cb8-be2d-868785bbf1cd.jpg?w=380&amp;h=238&amp;fm=jpg&amp;auto=compress&amp;fit=crop"><img class="product-tile__product-photo" alt="Aluminum Foil" src="./Health &amp; Home _ SF Bay _ Good Eggs_files/f8ad7940-779e-4cb8-be2d-868785bbf1cd.jpg"></a><div class="product-tile__product-photo-tinter"></div><div class="product-tile__quick-add"><div class="product-tile__quick-add-count is-transparent"><div class="product-tile__quick-add-quantity"><div class="product-tile__quantity-spinner product-tile__quantity-spinner__quantity js-quantity-indicator">1</div><div class="product-tile__quantity-spinner product-tile__quantity-spinner__previous-quantity js-quantity-indicator">1</div></div><div class="product-tile__quick-add-quantity-label"><div class="product-tile__quick-add-quantity-label-result">added</div><div class="product-tile__quick-add-quantity-label-summary">in your basket</div></div><div class="product-tile__quick-add-gift"><i class="icon icon-share-gift"></i></div><div class="product-tile__quick-add-gift-label"><div class="product-tile__quick-add-gift-summary">Gift in your basket</div></div></div><div class="product-tile__quick-add-buttons"><button class="btn product-tile__quick-add-button product-tile__quick-add-button-remove js-product-tile__quick-remove"><div class="product-tile__quick-add-minus"></div></button><button class="btn product-tile__quick-add-button product-tile__quick-add-button-add js-product-tile__quick-add"><div class="product-tile__quick-add-plus"></div></button></div></div></div><div class="product-tile__product-info"><div class="product-tile__product-name-and-details"><a class="js-producer-link" href="https://www.goodeggs.com/ifyoucaresfbay"><div class="product-tile__producer-name">If You Care</div></a><a class="js-product-link" href="https://www.goodeggs.com/sfbay/ifyoucaresfbay/aluminum-foil/59fa4e806c15c0000bb6c8c3"><h5 class="product-tile__product-name">Aluminum Foil</h5></a></div><div class="product-tile__price-info product-tile-collapsing-row clearfix"><div class="product-tile__purchase-price product-tile-collapsing-row__fixed-right"><div class="split-price"><span class="split-price__dollars">5</span><span class="split-price__cents">99</span></div></div><div class="product-tile__purchase-unit product-tile-collapsing-row__primary-info">1 count</div></div></div></div></div><div class="grid-item lazyloaded" data-product-id="59f8de5285f581000bff4f65"><div class="product-tile product-tile--compact product-tile--market" data-id="59f8de5285f581000bff4f65"><div class="product-tile__favorite not-favorited"><div><div class="product-tile__favorite-circle"><svg class="product-tile__favorite-heart" viewBox="8.9 7.8 18 16.633654"><path d="m 17.89989,23.433653 c 0.631042,-0.630881 4.233291,-4.23521 6.485296,-6.486896 2.017605,-2.017765 1.974565,-4.958732 0.140161,-6.783217 -1.834405,-1.8249642 -4.800652,-1.8169641 -6.625457,0.0176 -1.824645,-1.8345641 -4.790892,-1.8425642 -6.625297,-0.0176 -1.8344041,1.824485 -1.8772842,4.765452 0.140161,6.783217 2.251845,2.251686 5.854574,5.856015 6.485136,6.486896 l 0,0 z"></path></svg></div></div></div><div class="product-tile__product-visuals"><a href="https://www.goodeggs.com/sfbay/ifyoucaresfbay/heavy-duty-aluminum-foil/59f8de5285f581000bff4f65" class="js-product-tile__product-photo-wrapper js-product-photo-link js-product-link" data-alt="Heavy Duty Aluminum Foil" data-src="https://goodeggs4.imgix.net/3e2c2a68-9a0f-46db-bbaf-b856ab61dfe5.jpg?w=380&amp;h=238&amp;fm=jpg&amp;auto=compress&amp;fit=crop"><img class="product-tile__product-photo" alt="Heavy Duty Aluminum Foil" src="./Health &amp; Home _ SF Bay _ Good Eggs_files/3e2c2a68-9a0f-46db-bbaf-b856ab61dfe5.jpg"></a><div class="product-tile__product-photo-tinter"></div><div class="product-tile__quick-add"><div class="product-tile__quick-add-count is-transparent"><div class="product-tile__quick-add-quantity"><div class="product-tile__quantity-spinner product-tile__quantity-spinner__quantity js-quantity-indicator">1</div><div class="product-tile__quantity-spinner product-tile__quantity-spinner__previous-quantity js-quantity-indicator">1</div></div><div class="product-tile__quick-add-quantity-label"><div class="product-tile__quick-add-quantity-label-result">added</div><div class="product-tile__quick-add-quantity-label-summary">in your basket</div></div><div class="product-tile__quick-add-gift"><i class="icon icon-share-gift"></i></div><div class="product-tile__quick-add-gift-label"><div class="product-tile__quick-add-gift-summary">Gift in your basket</div></div></div><div class="product-tile__quick-add-buttons"><button class="btn product-tile__quick-add-button product-tile__quick-add-button-remove js-product-tile__quick-remove"><div class="product-tile__quick-add-minus"></div></button><button class="btn product-tile__quick-add-button product-tile__quick-add-button-add js-product-tile__quick-add"><div class="product-tile__quick-add-plus"></div></button></div></div></div><div class="product-tile__product-info"><div class="product-tile__product-name-and-details"><a class="js-producer-link" href="https://www.goodeggs.com/ifyoucaresfbay"><div class="product-tile__producer-name">If You Care</div></a><a class="js-product-link" href="https://www.goodeggs.com/sfbay/ifyoucaresfbay/heavy-duty-aluminum-foil/59f8de5285f581000bff4f65"><h5 class="product-tile__product-name">Heavy Duty Aluminum Foil</h5></a></div><div class="product-tile__price-info product-tile-collapsing-row clearfix"><div class="product-tile__purchase-price product-tile-collapsing-row__fixed-right"><div class="split-price"><span class="split-price__dollars">6</span><span class="split-price__cents">99</span></div></div><div class="product-tile__purchase-unit product-tile-collapsing-row__primary-info">1 count</div></div></div></div></div><div class="grid-item lazyloaded" data-product-id="59f8de4785f581000bff4f5b"><div class="product-tile product-tile--compact product-tile--market" data-id="59f8de4785f581000bff4f5b"><div class="product-tile__favorite not-favorited"><div><div class="product-tile__favorite-circle"><svg class="product-tile__favorite-heart" viewBox="8.9 7.8 18 16.633654"><path d="m 17.89989,23.433653 c 0.631042,-0.630881 4.233291,-4.23521 6.485296,-6.486896 2.017605,-2.017765 1.974565,-4.958732 0.140161,-6.783217 -1.834405,-1.8249642 -4.800652,-1.8169641 -6.625457,0.0176 -1.824645,-1.8345641 -4.790892,-1.8425642 -6.625297,-0.0176 -1.8344041,1.824485 -1.8772842,4.765452 0.140161,6.783217 2.251845,2.251686 5.854574,5.856015 6.485136,6.486896 l 0,0 z"></path></svg></div></div></div><div class="product-tile__product-visuals"><a href="https://www.goodeggs.com/sfbay/ifyoucaresfbay/cotton-twine/59f8de4785f581000bff4f5b" class="js-product-tile__product-photo-wrapper js-product-photo-link js-product-link" data-alt="Cotton Twine" data-src="https://goodeggs4.imgix.net/c2a70b46-e2a2-4962-b270-6b5fdf2bf34b.jpg?w=380&amp;h=238&amp;fm=jpg&amp;auto=compress&amp;fit=crop"><img class="product-tile__product-photo" alt="Cotton Twine" src="./Health &amp; Home _ SF Bay _ Good Eggs_files/c2a70b46-e2a2-4962-b270-6b5fdf2bf34b.jpg"></a><div class="product-tile__product-photo-tinter"></div><div class="product-tile__quick-add"><div class="product-tile__quick-add-count is-transparent"><div class="product-tile__quick-add-quantity"><div class="product-tile__quantity-spinner product-tile__quantity-spinner__quantity js-quantity-indicator">1</div><div class="product-tile__quantity-spinner product-tile__quantity-spinner__previous-quantity js-quantity-indicator">1</div></div><div class="product-tile__quick-add-quantity-label"><div class="product-tile__quick-add-quantity-label-result">added</div><div class="product-tile__quick-add-quantity-label-summary">in your basket</div></div><div class="product-tile__quick-add-gift"><i class="icon icon-share-gift"></i></div><div class="product-tile__quick-add-gift-label"><div class="product-tile__quick-add-gift-summary">Gift in your basket</div></div></div><div class="product-tile__quick-add-buttons"><button class="btn product-tile__quick-add-button product-tile__quick-add-button-remove js-product-tile__quick-remove"><div class="product-tile__quick-add-minus"></div></button><button class="btn product-tile__quick-add-button product-tile__quick-add-button-add js-product-tile__quick-add"><div class="product-tile__quick-add-plus"></div></button></div></div></div><div class="product-tile__product-info"><div class="product-tile__product-name-and-details"><a class="js-producer-link" href="https://www.goodeggs.com/ifyoucaresfbay"><div class="product-tile__producer-name">If You Care</div></a><a class="js-product-link" href="https://www.goodeggs.com/sfbay/ifyoucaresfbay/cotton-twine/59f8de4785f581000bff4f5b"><h5 class="product-tile__product-name">Cotton Twine</h5></a></div><div class="product-tile__price-info product-tile-collapsing-row clearfix"><div class="product-tile__purchase-price product-tile-collapsing-row__fixed-right"><div class="split-price"><span class="split-price__dollars">3</span><span class="split-price__cents">99</span></div></div><div class="product-tile__purchase-unit product-tile-collapsing-row__primary-info">1 count</div></div></div></div></div><div class="grid-item lazyloaded" data-product-id="5bd7c91152afce000f044fc7"><div class="product-tile product-tile--compact product-tile--market" data-id="5bd7c91152afce000f044fc7"><div class="product-tile__favorite not-favorited"><div><div class="product-tile__favorite-circle"><svg class="product-tile__favorite-heart" viewBox="8.9 7.8 18 16.633654"><path d="m 17.89989,23.433653 c 0.631042,-0.630881 4.233291,-4.23521 6.485296,-6.486896 2.017605,-2.017765 1.974565,-4.958732 0.140161,-6.783217 -1.834405,-1.8249642 -4.800652,-1.8169641 -6.625457,0.0176 -1.824645,-1.8345641 -4.790892,-1.8425642 -6.625297,-0.0176 -1.8344041,1.824485 -1.8772842,4.765452 0.140161,6.783217 2.251845,2.251686 5.854574,5.856015 6.485136,6.486896 l 0,0 z"></path></svg></div></div></div><div class="product-tile__product-visuals"><a href="https://www.goodeggs.com/sfbay/ifyoucaresfbay/paper-snack-sandwich-bags/5bd7c91152afce000f044fc7" class="js-product-tile__product-photo-wrapper js-product-photo-link js-product-link" data-alt="Paper Snack &amp; Sandwich Bags" data-src="https://goodeggs4.imgix.net/68c5250e-44a6-48ab-809d-fae65b2da622.jpg?w=380&amp;h=238&amp;fm=jpg&amp;auto=compress&amp;fit=crop"><img class="product-tile__product-photo" alt="Paper Snack &amp; Sandwich Bags" src="./Health &amp; Home _ SF Bay _ Good Eggs_files/68c5250e-44a6-48ab-809d-fae65b2da622.jpg"></a><div class="product-tile__product-photo-tinter"></div><div class="product-tile__quick-add"><div class="product-tile__quick-add-count is-transparent"><div class="product-tile__quick-add-quantity"><div class="product-tile__quantity-spinner product-tile__quantity-spinner__quantity js-quantity-indicator">1</div><div class="product-tile__quantity-spinner product-tile__quantity-spinner__previous-quantity js-quantity-indicator">1</div></div><div class="product-tile__quick-add-quantity-label"><div class="product-tile__quick-add-quantity-label-result">added</div><div class="product-tile__quick-add-quantity-label-summary">in your basket</div></div><div class="product-tile__quick-add-gift"><i class="icon icon-share-gift"></i></div><div class="product-tile__quick-add-gift-label"><div class="product-tile__quick-add-gift-summary">Gift in your basket</div></div></div><div class="product-tile__quick-add-buttons"><button class="btn product-tile__quick-add-button product-tile__quick-add-button-remove js-product-tile__quick-remove"><div class="product-tile__quick-add-minus"></div></button><button class="btn product-tile__quick-add-button product-tile__quick-add-button-add js-product-tile__quick-add"><div class="product-tile__quick-add-plus"></div></button></div></div></div><div class="product-tile__product-info"><div class="product-tile__product-name-and-details"><a class="js-producer-link" href="https://www.goodeggs.com/ifyoucaresfbay"><div class="product-tile__producer-name">If You Care</div></a><a class="js-product-link" href="https://www.goodeggs.com/sfbay/ifyoucaresfbay/paper-snack-sandwich-bags/5bd7c91152afce000f044fc7"><h5 class="product-tile__product-name">Paper Snack &amp; Sandwich Bags</h5></a></div><div class="product-tile__price-info product-tile-collapsing-row clearfix"><div class="product-tile__purchase-price product-tile-collapsing-row__fixed-right"><div class="split-price"><span class="split-price__dollars">4</span><span class="split-price__cents">29</span></div></div><div class="product-tile__purchase-unit product-tile-collapsing-row__primary-info">48 count</div></div></div></div></div></div></div></div><div id="kitchen-compostables" class="section-page"><div class="product-listings-view__section-anchor" id="health-home-kitchen-kitchen-compostables"></div><h3 class="listings-section-header">Compostable Tableware</h3><div class="page"><div class="grid-items"><div class="grid-item lazyloaded" data-product-id="5bd89a4b52afce000f045ac6"><div class="product-tile product-tile--compact product-tile--market" data-id="5bd89a4b52afce000f045ac6"><div class="product-tile__favorite not-favorited"><div><div class="product-tile__favorite-circle"><svg class="product-tile__favorite-heart" viewBox="8.9 7.8 18 16.633654"><path d="m 17.89989,23.433653 c 0.631042,-0.630881 4.233291,-4.23521 6.485296,-6.486896 2.017605,-2.017765 1.974565,-4.958732 0.140161,-6.783217 -1.834405,-1.8249642 -4.800652,-1.8169641 -6.625457,0.0176 -1.824645,-1.8345641 -4.790892,-1.8425642 -6.625297,-0.0176 -1.8344041,1.824485 -1.8772842,4.765452 0.140161,6.783217 2.251845,2.251686 5.854574,5.856015 6.485136,6.486896 l 0,0 z"></path></svg></div></div></div><div class="product-tile__product-visuals"><a href="https://www.goodeggs.com/sfbay/worldcentricsfbay/compostable-bowls/5bd89a4b52afce000f045ac6" class="js-product-tile__product-photo-wrapper js-product-photo-link js-product-link" data-alt="Compostable Bowls" data-src="https://goodeggs4.imgix.net/5f75b7dd-f789-42dc-aa28-a349ab37ec2f.jpg?w=380&amp;h=238&amp;fm=jpg&amp;auto=compress&amp;fit=crop"><img class="product-tile__product-photo" alt="Compostable Bowls" src="./Health &amp; Home _ SF Bay _ Good Eggs_files/5f75b7dd-f789-42dc-aa28-a349ab37ec2f.jpg"></a><div class="product-tile__product-photo-tinter"></div><div class="product-tile__quick-add"><div class="product-tile__quick-add-count is-transparent"><div class="product-tile__quick-add-quantity"><div class="product-tile__quantity-spinner product-tile__quantity-spinner__quantity js-quantity-indicator">1</div><div class="product-tile__quantity-spinner product-tile__quantity-spinner__previous-quantity js-quantity-indicator">1</div></div><div class="product-tile__quick-add-quantity-label"><div class="product-tile__quick-add-quantity-label-result">added</div><div class="product-tile__quick-add-quantity-label-summary">in your basket</div></div><div class="product-tile__quick-add-gift"><i class="icon icon-share-gift"></i></div><div class="product-tile__quick-add-gift-label"><div class="product-tile__quick-add-gift-summary">Gift in your basket</div></div></div><div class="product-tile__quick-add-buttons"><button class="btn product-tile__quick-add-button product-tile__quick-add-button-remove js-product-tile__quick-remove"><div class="product-tile__quick-add-minus"></div></button><button class="btn product-tile__quick-add-button product-tile__quick-add-button-add js-product-tile__quick-add"><div class="product-tile__quick-add-plus"></div></button></div></div></div><div class="product-tile__product-info"><div class="product-tile__product-name-and-details"><a class="js-producer-link" href="https://www.goodeggs.com/worldcentricsfbay"><div class="product-tile__producer-name">World Centric</div></a><a class="js-product-link" href="https://www.goodeggs.com/sfbay/worldcentricsfbay/compostable-bowls/5bd89a4b52afce000f045ac6"><h5 class="product-tile__product-name">Compostable Bowls</h5></a></div><div class="product-tile__price-info product-tile-collapsing-row clearfix"><div class="product-tile__purchase-price product-tile-collapsing-row__fixed-right"><div class="split-price"><span class="split-price__dollars">2</span><span class="split-price__cents">49</span></div></div><div class="product-tile__purchase-unit product-tile-collapsing-row__primary-info">20 count</div></div></div></div></div><div class="grid-item lazyloaded" data-product-id="5bd89754ddee9d000fdff2a0"><div class="product-tile product-tile--compact product-tile--market" data-id="5bd89754ddee9d000fdff2a0"><div class="product-tile__favorite not-favorited"><div><div class="product-tile__favorite-circle"><svg class="product-tile__favorite-heart" viewBox="8.9 7.8 18 16.633654"><path d="m 17.89989,23.433653 c 0.631042,-0.630881 4.233291,-4.23521 6.485296,-6.486896 2.017605,-2.017765 1.974565,-4.958732 0.140161,-6.783217 -1.834405,-1.8249642 -4.800652,-1.8169641 -6.625457,0.0176 -1.824645,-1.8345641 -4.790892,-1.8425642 -6.625297,-0.0176 -1.8344041,1.824485 -1.8772842,4.765452 0.140161,6.783217 2.251845,2.251686 5.854574,5.856015 6.485136,6.486896 l 0,0 z"></path></svg></div></div></div><div class="product-tile__product-visuals"><a href="https://www.goodeggs.com/sfbay/worldcentricsfbay/compostable-spoons/5bd89754ddee9d000fdff2a0" class="js-product-tile__product-photo-wrapper js-product-photo-link js-product-link" data-alt="Compostable Spoons" data-src="https://goodeggs4.imgix.net/88fa8a1d-8b23-4815-8d01-319656e604c8.jpg?w=380&amp;h=238&amp;fm=jpg&amp;auto=compress&amp;fit=crop"><img class="product-tile__product-photo" alt="Compostable Spoons" src="./Health &amp; Home _ SF Bay _ Good Eggs_files/88fa8a1d-8b23-4815-8d01-319656e604c8.jpg"></a><div class="product-tile__product-photo-tinter"></div><div class="product-tile__quick-add"><div class="product-tile__quick-add-count is-transparent"><div class="product-tile__quick-add-quantity"><div class="product-tile__quantity-spinner product-tile__quantity-spinner__quantity js-quantity-indicator">1</div><div class="product-tile__quantity-spinner product-tile__quantity-spinner__previous-quantity js-quantity-indicator">1</div></div><div class="product-tile__quick-add-quantity-label"><div class="product-tile__quick-add-quantity-label-result">added</div><div class="product-tile__quick-add-quantity-label-summary">in your basket</div></div><div class="product-tile__quick-add-gift"><i class="icon icon-share-gift"></i></div><div class="product-tile__quick-add-gift-label"><div class="product-tile__quick-add-gift-summary">Gift in your basket</div></div></div><div class="product-tile__quick-add-buttons"><button class="btn product-tile__quick-add-button product-tile__quick-add-button-remove js-product-tile__quick-remove"><div class="product-tile__quick-add-minus"></div></button><button class="btn product-tile__quick-add-button product-tile__quick-add-button-add js-product-tile__quick-add"><div class="product-tile__quick-add-plus"></div></button></div></div></div><div class="product-tile__product-info"><div class="product-tile__product-name-and-details"><a class="js-producer-link" href="https://www.goodeggs.com/worldcentricsfbay"><div class="product-tile__producer-name">World Centric</div></a><a class="js-product-link" href="https://www.goodeggs.com/sfbay/worldcentricsfbay/compostable-spoons/5bd89754ddee9d000fdff2a0"><h5 class="product-tile__product-name">Compostable Spoons</h5></a></div><div class="product-tile__price-info product-tile-collapsing-row clearfix"><div class="product-tile__purchase-price product-tile-collapsing-row__fixed-right"><div class="split-price"><span class="split-price__dollars">2</span><span class="split-price__cents">99</span></div></div><div class="product-tile__purchase-unit product-tile-collapsing-row__primary-info">24 count</div></div></div></div></div><div class="grid-item lazyloaded" data-product-id="5bd8960652afce000f0459ed"><div class="product-tile product-tile--compact product-tile--market" data-id="5bd8960652afce000f0459ed"><div class="product-tile__favorite not-favorited"><div><div class="product-tile__favorite-circle"><svg class="product-tile__favorite-heart" viewBox="8.9 7.8 18 16.633654"><path d="m 17.89989,23.433653 c 0.631042,-0.630881 4.233291,-4.23521 6.485296,-6.486896 2.017605,-2.017765 1.974565,-4.958732 0.140161,-6.783217 -1.834405,-1.8249642 -4.800652,-1.8169641 -6.625457,0.0176 -1.824645,-1.8345641 -4.790892,-1.8425642 -6.625297,-0.0176 -1.8344041,1.824485 -1.8772842,4.765452 0.140161,6.783217 2.251845,2.251686 5.854574,5.856015 6.485136,6.486896 l 0,0 z"></path></svg></div></div></div><div class="product-tile__product-visuals"><a href="https://www.goodeggs.com/sfbay/worldcentricsfbay/compostable-assorted-cutlery/5bd8960652afce000f0459ed" class="js-product-tile__product-photo-wrapper js-product-photo-link js-product-link" data-alt="Compostable Assorted Cutlery" data-src="https://goodeggs4.imgix.net/8cd509dd-2d61-4b09-9883-d18bd0a17fdd.jpg?w=380&amp;h=238&amp;fm=jpg&amp;auto=compress&amp;fit=crop"><img class="product-tile__product-photo" alt="Compostable Assorted Cutlery" src="./Health &amp; Home _ SF Bay _ Good Eggs_files/8cd509dd-2d61-4b09-9883-d18bd0a17fdd.jpg"></a><div class="product-tile__product-photo-tinter"></div><div class="product-tile__quick-add"><div class="product-tile__quick-add-count is-transparent"><div class="product-tile__quick-add-quantity"><div class="product-tile__quantity-spinner product-tile__quantity-spinner__quantity js-quantity-indicator">1</div><div class="product-tile__quantity-spinner product-tile__quantity-spinner__previous-quantity js-quantity-indicator">1</div></div><div class="product-tile__quick-add-quantity-label"><div class="product-tile__quick-add-quantity-label-result">added</div><div class="product-tile__quick-add-quantity-label-summary">in your basket</div></div><div class="product-tile__quick-add-gift"><i class="icon icon-share-gift"></i></div><div class="product-tile__quick-add-gift-label"><div class="product-tile__quick-add-gift-summary">Gift in your basket</div></div></div><div class="product-tile__quick-add-buttons"><button class="btn product-tile__quick-add-button product-tile__quick-add-button-remove js-product-tile__quick-remove"><div class="product-tile__quick-add-minus"></div></button><button class="btn product-tile__quick-add-button product-tile__quick-add-button-add js-product-tile__quick-add"><div class="product-tile__quick-add-plus"></div></button></div></div></div><div class="product-tile__product-info"><div class="product-tile__product-name-and-details"><a class="js-producer-link" href="https://www.goodeggs.com/worldcentricsfbay"><div class="product-tile__producer-name">World Centric</div></a><a class="js-product-link" href="https://www.goodeggs.com/sfbay/worldcentricsfbay/compostable-assorted-cutlery/5bd8960652afce000f0459ed"><h5 class="product-tile__product-name">Compostable Assorted Cutlery</h5></a></div><div class="product-tile__price-info product-tile-collapsing-row clearfix"><div class="product-tile__purchase-price product-tile-collapsing-row__fixed-right"><div class="split-price"><span class="split-price__dollars">2</span><span class="split-price__cents">99</span></div></div><div class="product-tile__purchase-unit product-tile-collapsing-row__primary-info">24 count</div></div></div></div></div><div class="grid-item lazyloaded" data-product-id="5bd8972d52afce000f045a37"><div class="product-tile product-tile--compact product-tile--market" data-id="5bd8972d52afce000f045a37"><div class="product-tile__favorite not-favorited"><div><div class="product-tile__favorite-circle"><svg class="product-tile__favorite-heart" viewBox="8.9 7.8 18 16.633654"><path d="m 17.89989,23.433653 c 0.631042,-0.630881 4.233291,-4.23521 6.485296,-6.486896 2.017605,-2.017765 1.974565,-4.958732 0.140161,-6.783217 -1.834405,-1.8249642 -4.800652,-1.8169641 -6.625457,0.0176 -1.824645,-1.8345641 -4.790892,-1.8425642 -6.625297,-0.0176 -1.8344041,1.824485 -1.8772842,4.765452 0.140161,6.783217 2.251845,2.251686 5.854574,5.856015 6.485136,6.486896 l 0,0 z"></path></svg></div></div></div><div class="product-tile__product-visuals"><a href="https://www.goodeggs.com/sfbay/worldcentricsfbay/compostable-forks/5bd8972d52afce000f045a37" class="js-product-tile__product-photo-wrapper js-product-photo-link js-product-link" data-alt="Compostable Forks" data-src="https://goodeggs4.imgix.net/f4ba0c8a-1361-42eb-b8f7-4dc27b7e9fb6.jpg?w=380&amp;h=238&amp;fm=jpg&amp;auto=compress&amp;fit=crop"><img class="product-tile__product-photo" alt="Compostable Forks" src="./Health &amp; Home _ SF Bay _ Good Eggs_files/f4ba0c8a-1361-42eb-b8f7-4dc27b7e9fb6.jpg"></a><div class="product-tile__product-photo-tinter"></div><div class="product-tile__quick-add"><div class="product-tile__quick-add-count is-transparent"><div class="product-tile__quick-add-quantity"><div class="product-tile__quantity-spinner product-tile__quantity-spinner__quantity js-quantity-indicator">1</div><div class="product-tile__quantity-spinner product-tile__quantity-spinner__previous-quantity js-quantity-indicator">1</div></div><div class="product-tile__quick-add-quantity-label"><div class="product-tile__quick-add-quantity-label-result">added</div><div class="product-tile__quick-add-quantity-label-summary">in your basket</div></div><div class="product-tile__quick-add-gift"><i class="icon icon-share-gift"></i></div><div class="product-tile__quick-add-gift-label"><div class="product-tile__quick-add-gift-summary">Gift in your basket</div></div></div><div class="product-tile__quick-add-buttons"><button class="btn product-tile__quick-add-button product-tile__quick-add-button-remove js-product-tile__quick-remove"><div class="product-tile__quick-add-minus"></div></button><button class="btn product-tile__quick-add-button product-tile__quick-add-button-add js-product-tile__quick-add"><div class="product-tile__quick-add-plus"></div></button></div></div></div><div class="product-tile__product-info"><div class="product-tile__product-name-and-details"><a class="js-producer-link" href="https://www.goodeggs.com/worldcentricsfbay"><div class="product-tile__producer-name">World Centric</div></a><a class="js-product-link" href="https://www.goodeggs.com/sfbay/worldcentricsfbay/compostable-forks/5bd8972d52afce000f045a37"><h5 class="product-tile__product-name">Compostable Forks</h5></a></div><div class="product-tile__price-info product-tile-collapsing-row clearfix"><div class="product-tile__purchase-price product-tile-collapsing-row__fixed-right"><div class="split-price"><span class="split-price__dollars">2</span><span class="split-price__cents">99</span></div></div><div class="product-tile__purchase-unit product-tile-collapsing-row__primary-info">24 count</div></div></div></div></div><div class="grid-item lazyloaded" data-product-id="5bd89657ddee9d000fdff26d"><div class="product-tile product-tile--compact product-tile--market" data-id="5bd89657ddee9d000fdff26d"><div class="product-tile__favorite not-favorited"><div><div class="product-tile__favorite-circle"><svg class="product-tile__favorite-heart" viewBox="8.9 7.8 18 16.633654"><path d="m 17.89989,23.433653 c 0.631042,-0.630881 4.233291,-4.23521 6.485296,-6.486896 2.017605,-2.017765 1.974565,-4.958732 0.140161,-6.783217 -1.834405,-1.8249642 -4.800652,-1.8169641 -6.625457,0.0176 -1.824645,-1.8345641 -4.790892,-1.8425642 -6.625297,-0.0176 -1.8344041,1.824485 -1.8772842,4.765452 0.140161,6.783217 2.251845,2.251686 5.854574,5.856015 6.485136,6.486896 l 0,0 z"></path></svg></div></div></div><div class="product-tile__product-visuals"><a href="https://www.goodeggs.com/sfbay/worldcentricsfbay/compostable-knives/5bd89657ddee9d000fdff26d" class="js-product-tile__product-photo-wrapper js-product-photo-link js-product-link" data-alt="Compostable Knives" data-src="https://goodeggs4.imgix.net/9455a3c9-9c6d-4f27-a297-78f5f60dd88c.jpg?w=380&amp;h=238&amp;fm=jpg&amp;auto=compress&amp;fit=crop"><img class="product-tile__product-photo" alt="Compostable Knives" src="./Health &amp; Home _ SF Bay _ Good Eggs_files/9455a3c9-9c6d-4f27-a297-78f5f60dd88c.jpg"></a><div class="product-tile__product-photo-tinter"></div><div class="product-tile__quick-add"><div class="product-tile__quick-add-count is-transparent"><div class="product-tile__quick-add-quantity"><div class="product-tile__quantity-spinner product-tile__quantity-spinner__quantity js-quantity-indicator">1</div><div class="product-tile__quantity-spinner product-tile__quantity-spinner__previous-quantity js-quantity-indicator">1</div></div><div class="product-tile__quick-add-quantity-label"><div class="product-tile__quick-add-quantity-label-result">added</div><div class="product-tile__quick-add-quantity-label-summary">in your basket</div></div><div class="product-tile__quick-add-gift"><i class="icon icon-share-gift"></i></div><div class="product-tile__quick-add-gift-label"><div class="product-tile__quick-add-gift-summary">Gift in your basket</div></div></div><div class="product-tile__quick-add-buttons"><button class="btn product-tile__quick-add-button product-tile__quick-add-button-remove js-product-tile__quick-remove"><div class="product-tile__quick-add-minus"></div></button><button class="btn product-tile__quick-add-button product-tile__quick-add-button-add js-product-tile__quick-add"><div class="product-tile__quick-add-plus"></div></button></div></div></div><div class="product-tile__product-info"><div class="product-tile__product-name-and-details"><a class="js-producer-link" href="https://www.goodeggs.com/worldcentricsfbay"><div class="product-tile__producer-name">World Centric</div></a><a class="js-product-link" href="https://www.goodeggs.com/sfbay/worldcentricsfbay/compostable-knives/5bd89657ddee9d000fdff26d"><h5 class="product-tile__product-name">Compostable Knives</h5></a></div><div class="product-tile__price-info product-tile-collapsing-row clearfix"><div class="product-tile__purchase-price product-tile-collapsing-row__fixed-right"><div class="split-price"><span class="split-price__dollars">2</span><span class="split-price__cents">99</span></div></div><div class="product-tile__purchase-unit product-tile-collapsing-row__primary-info">24 count</div></div></div></div></div><div class="grid-item lazyloaded" data-product-id="5bd89b85ddee9d000fdff33e"><div class="product-tile product-tile--compact product-tile--market" data-id="5bd89b85ddee9d000fdff33e"><div class="product-tile__favorite not-favorited"><div><div class="product-tile__favorite-circle"><svg class="product-tile__favorite-heart" viewBox="8.9 7.8 18 16.633654"><path d="m 17.89989,23.433653 c 0.631042,-0.630881 4.233291,-4.23521 6.485296,-6.486896 2.017605,-2.017765 1.974565,-4.958732 0.140161,-6.783217 -1.834405,-1.8249642 -4.800652,-1.8169641 -6.625457,0.0176 -1.824645,-1.8345641 -4.790892,-1.8425642 -6.625297,-0.0176 -1.8344041,1.824485 -1.8772842,4.765452 0.140161,6.783217 2.251845,2.251686 5.854574,5.856015 6.485136,6.486896 l 0,0 z"></path></svg></div></div></div><div class="product-tile__product-visuals"><a href="https://www.goodeggs.com/sfbay/worldcentricsfbay/9-compostable-plates/5bd89b85ddee9d000fdff33e" class="js-product-tile__product-photo-wrapper js-product-photo-link js-product-link" data-alt="9&quot; Compostable Plates" data-src="https://goodeggs4.imgix.net/f3693e1e-ab27-48d1-a14f-f5cec39533aa.jpg?w=380&amp;h=238&amp;fm=jpg&amp;auto=compress&amp;fit=crop"><img class="product-tile__product-photo" alt="9&quot; Compostable Plates" src="./Health &amp; Home _ SF Bay _ Good Eggs_files/f3693e1e-ab27-48d1-a14f-f5cec39533aa.jpg"></a><div class="product-tile__product-photo-tinter"></div><div class="product-tile__quick-add"><div class="product-tile__quick-add-count is-transparent"><div class="product-tile__quick-add-quantity"><div class="product-tile__quantity-spinner product-tile__quantity-spinner__quantity js-quantity-indicator">1</div><div class="product-tile__quantity-spinner product-tile__quantity-spinner__previous-quantity js-quantity-indicator">1</div></div><div class="product-tile__quick-add-quantity-label"><div class="product-tile__quick-add-quantity-label-result">added</div><div class="product-tile__quick-add-quantity-label-summary">in your basket</div></div><div class="product-tile__quick-add-gift"><i class="icon icon-share-gift"></i></div><div class="product-tile__quick-add-gift-label"><div class="product-tile__quick-add-gift-summary">Gift in your basket</div></div></div><div class="product-tile__quick-add-buttons"><button class="btn product-tile__quick-add-button product-tile__quick-add-button-remove js-product-tile__quick-remove"><div class="product-tile__quick-add-minus"></div></button><button class="btn product-tile__quick-add-button product-tile__quick-add-button-add js-product-tile__quick-add"><div class="product-tile__quick-add-plus"></div></button></div></div></div><div class="product-tile__product-info"><div class="product-tile__product-name-and-details"><a class="js-producer-link" href="https://www.goodeggs.com/worldcentricsfbay"><div class="product-tile__producer-name">World Centric</div></a><a class="js-product-link" href="https://www.goodeggs.com/sfbay/worldcentricsfbay/9-compostable-plates/5bd89b85ddee9d000fdff33e"><h5 class="product-tile__product-name">9" Compostable Plates</h5></a></div><div class="product-tile__price-info product-tile-collapsing-row clearfix"><div class="product-tile__purchase-price product-tile-collapsing-row__fixed-right"><div class="split-price"><span class="split-price__dollars">3</span><span class="split-price__cents">99</span></div></div><div class="product-tile__purchase-unit product-tile-collapsing-row__primary-info">20 count</div></div></div></div></div><div class="grid-item lazyloaded" data-product-id="5bd899eb52afce000f045ac0"><div class="product-tile product-tile--compact product-tile--market" data-id="5bd899eb52afce000f045ac0"><div class="product-tile__favorite not-favorited"><div><div class="product-tile__favorite-circle"><svg class="product-tile__favorite-heart" viewBox="8.9 7.8 18 16.633654"><path d="m 17.89989,23.433653 c 0.631042,-0.630881 4.233291,-4.23521 6.485296,-6.486896 2.017605,-2.017765 1.974565,-4.958732 0.140161,-6.783217 -1.834405,-1.8249642 -4.800652,-1.8169641 -6.625457,0.0176 -1.824645,-1.8345641 -4.790892,-1.8425642 -6.625297,-0.0176 -1.8344041,1.824485 -1.8772842,4.765452 0.140161,6.783217 2.251845,2.251686 5.854574,5.856015 6.485136,6.486896 l 0,0 z"></path></svg></div></div></div><div class="product-tile__product-visuals"><a href="https://www.goodeggs.com/sfbay/worldcentricsfbay/6-compostable-plates/5bd899eb52afce000f045ac0" class="js-product-tile__product-photo-wrapper js-product-photo-link js-product-link" data-alt="6&quot; Compostable Plates" data-src="https://goodeggs4.imgix.net/9128c954-8511-4bb9-b4ce-4ca78398d734.jpg?w=380&amp;h=238&amp;fm=jpg&amp;auto=compress&amp;fit=crop"><img class="product-tile__product-photo" alt="6&quot; Compostable Plates" src="./Health &amp; Home _ SF Bay _ Good Eggs_files/9128c954-8511-4bb9-b4ce-4ca78398d734.jpg"></a><div class="product-tile__product-photo-tinter"></div><div class="product-tile__quick-add"><div class="product-tile__quick-add-count is-transparent"><div class="product-tile__quick-add-quantity"><div class="product-tile__quantity-spinner product-tile__quantity-spinner__quantity js-quantity-indicator">1</div><div class="product-tile__quantity-spinner product-tile__quantity-spinner__previous-quantity js-quantity-indicator">1</div></div><div class="product-tile__quick-add-quantity-label"><div class="product-tile__quick-add-quantity-label-result">added</div><div class="product-tile__quick-add-quantity-label-summary">in your basket</div></div><div class="product-tile__quick-add-gift"><i class="icon icon-share-gift"></i></div><div class="product-tile__quick-add-gift-label"><div class="product-tile__quick-add-gift-summary">Gift in your basket</div></div></div><div class="product-tile__quick-add-buttons"><button class="btn product-tile__quick-add-button product-tile__quick-add-button-remove js-product-tile__quick-remove"><div class="product-tile__quick-add-minus"></div></button><button class="btn product-tile__quick-add-button product-tile__quick-add-button-add js-product-tile__quick-add"><div class="product-tile__quick-add-plus"></div></button></div></div></div><div class="product-tile__product-info"><div class="product-tile__product-name-and-details"><a class="js-producer-link" href="https://www.goodeggs.com/worldcentricsfbay"><div class="product-tile__producer-name">World Centric</div></a><a class="js-product-link" href="https://www.goodeggs.com/sfbay/worldcentricsfbay/6-compostable-plates/5bd899eb52afce000f045ac0"><h5 class="product-tile__product-name">6" Compostable Plates</h5></a></div><div class="product-tile__price-info product-tile-collapsing-row clearfix"><div class="product-tile__purchase-price product-tile-collapsing-row__fixed-right"><div class="split-price"><span class="split-price__dollars">2</span><span class="split-price__cents">49</span></div></div><div class="product-tile__purchase-unit product-tile-collapsing-row__primary-info">20 count</div></div></div></div></div></div></div></div><div id="kitchen-filters" class="section-page"><div class="product-listings-view__section-anchor" id="health-home-kitchen-kitchen-filters"></div><h3 class="listings-section-header">Coffee &amp; Tea Filters</h3><div class="page"><div class="grid-items"><div class="grid-item lazyloaded" data-product-id="5d7bda0b22c98d000e0677cf"><div class="product-tile product-tile--compact product-tile--market" data-id="5d7bda0b22c98d000e0677cf"><div class="product-tile__favorite not-favorited"><div><div class="product-tile__favorite-circle"><svg class="product-tile__favorite-heart" viewBox="8.9 7.8 18 16.633654"><path d="m 17.89989,23.433653 c 0.631042,-0.630881 4.233291,-4.23521 6.485296,-6.486896 2.017605,-2.017765 1.974565,-4.958732 0.140161,-6.783217 -1.834405,-1.8249642 -4.800652,-1.8169641 -6.625457,0.0176 -1.824645,-1.8345641 -4.790892,-1.8425642 -6.625297,-0.0176 -1.8344041,1.824485 -1.8772842,4.765452 0.140161,6.783217 2.251845,2.251686 5.854574,5.856015 6.485136,6.486896 l 0,0 z"></path></svg></div></div></div><div class="product-tile__product-visuals"><a href="https://www.goodeggs.com/sfbay/ebbfilter/reusable-v60-coffee-filter/5d7bda0b22c98d000e0677cf" class="js-product-tile__product-photo-wrapper js-product-photo-link js-product-link" data-alt="Reusable V60 Coffee Filter" data-src="https://goodeggs4.imgix.net/5ce3f4b2-8af8-4b6b-90b2-42e59170ba49.jpg?w=380&amp;h=238&amp;fm=jpg&amp;auto=compress&amp;fit=crop"><img class="product-tile__product-photo" alt="Reusable V60 Coffee Filter" src="./Health &amp; Home _ SF Bay _ Good Eggs_files/5ce3f4b2-8af8-4b6b-90b2-42e59170ba49.jpg"></a><div class="product-tile__product-photo-tinter"></div><div class="product-tile__quick-add"><div class="product-tile__quick-add-count is-transparent"><div class="product-tile__quick-add-quantity"><div class="product-tile__quantity-spinner product-tile__quantity-spinner__quantity js-quantity-indicator">1</div><div class="product-tile__quantity-spinner product-tile__quantity-spinner__previous-quantity js-quantity-indicator">1</div></div><div class="product-tile__quick-add-quantity-label"><div class="product-tile__quick-add-quantity-label-result">added</div><div class="product-tile__quick-add-quantity-label-summary">in your basket</div></div><div class="product-tile__quick-add-gift"><i class="icon icon-share-gift"></i></div><div class="product-tile__quick-add-gift-label"><div class="product-tile__quick-add-gift-summary">Gift in your basket</div></div></div><div class="product-tile__quick-add-buttons"><button class="btn product-tile__quick-add-button product-tile__quick-add-button-remove js-product-tile__quick-remove"><div class="product-tile__quick-add-minus"></div></button><button class="btn product-tile__quick-add-button product-tile__quick-add-button-add js-product-tile__quick-add"><div class="product-tile__quick-add-plus"></div></button></div></div></div><div class="product-tile__product-info"><div class="product-tile__product-name-and-details"><a class="js-producer-link" href="https://www.goodeggs.com/ebbfilter"><div class="product-tile__producer-name">Ebb Filter</div></a><a class="js-product-link" href="https://www.goodeggs.com/sfbay/ebbfilter/reusable-v60-coffee-filter/5d7bda0b22c98d000e0677cf"><h5 class="product-tile__product-name">Reusable V60 Coffee Filter</h5></a></div><div class="product-tile__price-info product-tile-collapsing-row clearfix"><div class="product-tile__purchase-price product-tile-collapsing-row__fixed-right"><div class="split-price"><span class="split-price__dollars">17</span><span class="split-price__cents">99</span></div></div><div class="product-tile__purchase-unit product-tile-collapsing-row__primary-info">1 count</div></div></div></div></div><div class="grid-item lazyloaded" data-product-id="5d7bdae3114a44000e34cf2f"><div class="product-tile product-tile--compact product-tile--market" data-id="5d7bdae3114a44000e34cf2f"><div class="product-tile__favorite not-favorited"><div><div class="product-tile__favorite-circle"><svg class="product-tile__favorite-heart" viewBox="8.9 7.8 18 16.633654"><path d="m 17.89989,23.433653 c 0.631042,-0.630881 4.233291,-4.23521 6.485296,-6.486896 2.017605,-2.017765 1.974565,-4.958732 0.140161,-6.783217 -1.834405,-1.8249642 -4.800652,-1.8169641 -6.625457,0.0176 -1.824645,-1.8345641 -4.790892,-1.8425642 -6.625297,-0.0176 -1.8344041,1.824485 -1.8772842,4.765452 0.140161,6.783217 2.251845,2.251686 5.854574,5.856015 6.485136,6.486896 l 0,0 z"></path></svg></div></div></div><div class="product-tile__product-visuals"><a href="https://www.goodeggs.com/sfbay/ebbfilter/reusable-coffee-filter-compatible-with-chemex-coffee-maker/5d7bdae3114a44000e34cf2f" class="js-product-tile__product-photo-wrapper js-product-photo-link js-product-link" data-alt="Reusable Coffee Filter Compatible With Chemex® Coffee Maker" data-src="https://goodeggs4.imgix.net/3a551642-9a06-4348-bb4b-2df132bcfd66.jpg?w=380&amp;h=238&amp;fm=jpg&amp;auto=compress&amp;fit=crop"><img class="product-tile__product-photo" alt="Reusable Coffee Filter Compatible With Chemex® Coffee Maker" src="./Health &amp; Home _ SF Bay _ Good Eggs_files/3a551642-9a06-4348-bb4b-2df132bcfd66.jpg"></a><div class="product-tile__product-photo-tinter"></div><div class="product-tile__quick-add"><div class="product-tile__quick-add-count is-transparent"><div class="product-tile__quick-add-quantity"><div class="product-tile__quantity-spinner product-tile__quantity-spinner__quantity js-quantity-indicator">1</div><div class="product-tile__quantity-spinner product-tile__quantity-spinner__previous-quantity js-quantity-indicator">1</div></div><div class="product-tile__quick-add-quantity-label"><div class="product-tile__quick-add-quantity-label-result">added</div><div class="product-tile__quick-add-quantity-label-summary">in your basket</div></div><div class="product-tile__quick-add-gift"><i class="icon icon-share-gift"></i></div><div class="product-tile__quick-add-gift-label"><div class="product-tile__quick-add-gift-summary">Gift in your basket</div></div></div><div class="product-tile__quick-add-buttons"><button class="btn product-tile__quick-add-button product-tile__quick-add-button-remove js-product-tile__quick-remove"><div class="product-tile__quick-add-minus"></div></button><button class="btn product-tile__quick-add-button product-tile__quick-add-button-add js-product-tile__quick-add"><div class="product-tile__quick-add-plus"></div></button></div></div></div><div class="product-tile__product-info"><div class="product-tile__product-name-and-details"><a class="js-producer-link" href="https://www.goodeggs.com/ebbfilter"><div class="product-tile__producer-name">Ebb Filter</div></a><a class="js-product-link" href="https://www.goodeggs.com/sfbay/ebbfilter/reusable-coffee-filter-compatible-with-chemex-coffee-maker/5d7bdae3114a44000e34cf2f"><h5 class="product-tile__product-name">Reusable Coffee Filter Compatible With Chemex® Coffee Maker</h5></a></div><div class="product-tile__price-info product-tile-collapsing-row clearfix"><div class="product-tile__purchase-price product-tile-collapsing-row__fixed-right"><div class="split-price"><span class="split-price__dollars">17</span><span class="split-price__cents">99</span></div></div><div class="product-tile__purchase-unit product-tile-collapsing-row__primary-info">1 count</div></div></div></div></div><div class="grid-item lazyloaded" data-product-id="5d7bdacf114a44000e34cf28"><div class="product-tile product-tile--compact product-tile--market" data-id="5d7bdacf114a44000e34cf28"><div class="product-tile__favorite not-favorited"><div><div class="product-tile__favorite-circle"><svg class="product-tile__favorite-heart" viewBox="8.9 7.8 18 16.633654"><path d="m 17.89989,23.433653 c 0.631042,-0.630881 4.233291,-4.23521 6.485296,-6.486896 2.017605,-2.017765 1.974565,-4.958732 0.140161,-6.783217 -1.834405,-1.8249642 -4.800652,-1.8169641 -6.625457,0.0176 -1.824645,-1.8345641 -4.790892,-1.8425642 -6.625297,-0.0176 -1.8344041,1.824485 -1.8772842,4.765452 0.140161,6.783217 2.251845,2.251686 5.854574,5.856015 6.485136,6.486896 l 0,0 z"></path></svg></div></div></div><div class="product-tile__product-visuals"><a href="https://www.goodeggs.com/sfbay/ebbfilter/reusable-no-2-coffee-filter/5d7bdacf114a44000e34cf28" class="js-product-tile__product-photo-wrapper js-product-photo-link js-product-link" data-alt="Reusable No. 2 Coffee Filter" data-src="https://goodeggs4.imgix.net/9d57c182-51d1-4511-9048-787f5cce02f2.jpg?w=380&amp;h=238&amp;fm=jpg&amp;auto=compress&amp;fit=crop"><img class="product-tile__product-photo" alt="Reusable No. 2 Coffee Filter" src="./Health &amp; Home _ SF Bay _ Good Eggs_files/9d57c182-51d1-4511-9048-787f5cce02f2.jpg"></a><div class="product-tile__product-photo-tinter"></div><div class="product-tile__quick-add"><div class="product-tile__quick-add-count is-transparent"><div class="product-tile__quick-add-quantity"><div class="product-tile__quantity-spinner product-tile__quantity-spinner__quantity js-quantity-indicator">1</div><div class="product-tile__quantity-spinner product-tile__quantity-spinner__previous-quantity js-quantity-indicator">1</div></div><div class="product-tile__quick-add-quantity-label"><div class="product-tile__quick-add-quantity-label-result">added</div><div class="product-tile__quick-add-quantity-label-summary">in your basket</div></div><div class="product-tile__quick-add-gift"><i class="icon icon-share-gift"></i></div><div class="product-tile__quick-add-gift-label"><div class="product-tile__quick-add-gift-summary">Gift in your basket</div></div></div><div class="product-tile__quick-add-buttons"><button class="btn product-tile__quick-add-button product-tile__quick-add-button-remove js-product-tile__quick-remove"><div class="product-tile__quick-add-minus"></div></button><button class="btn product-tile__quick-add-button product-tile__quick-add-button-add js-product-tile__quick-add"><div class="product-tile__quick-add-plus"></div></button></div></div></div><div class="product-tile__product-info"><div class="product-tile__product-name-and-details"><a class="js-producer-link" href="https://www.goodeggs.com/ebbfilter"><div class="product-tile__producer-name">Ebb Filter</div></a><a class="js-product-link" href="https://www.goodeggs.com/sfbay/ebbfilter/reusable-no-2-coffee-filter/5d7bdacf114a44000e34cf28"><h5 class="product-tile__product-name">Reusable No. 2 Coffee Filter</h5></a></div><div class="product-tile__price-info product-tile-collapsing-row clearfix"><div class="product-tile__purchase-price product-tile-collapsing-row__fixed-right"><div class="split-price"><span class="split-price__dollars">17</span><span class="split-price__cents">99</span></div></div><div class="product-tile__purchase-unit product-tile-collapsing-row__primary-info">1 count</div></div></div></div></div><div class="grid-item lazyloaded" data-product-id="59fa54bf603832000b39b2df"><div class="product-tile product-tile--compact product-tile--market" data-id="59fa54bf603832000b39b2df"><div class="product-tile__favorite not-favorited"><div><div class="product-tile__favorite-circle"><svg class="product-tile__favorite-heart" viewBox="8.9 7.8 18 16.633654"><path d="m 17.89989,23.433653 c 0.631042,-0.630881 4.233291,-4.23521 6.485296,-6.486896 2.017605,-2.017765 1.974565,-4.958732 0.140161,-6.783217 -1.834405,-1.8249642 -4.800652,-1.8169641 -6.625457,0.0176 -1.824645,-1.8345641 -4.790892,-1.8425642 -6.625297,-0.0176 -1.8344041,1.824485 -1.8772842,4.765452 0.140161,6.783217 2.251845,2.251686 5.854574,5.856015 6.485136,6.486896 l 0,0 z"></path></svg></div></div></div><div class="product-tile__product-visuals"><a href="https://www.goodeggs.com/sfbay/ifyoucaresfbay/no-4-coffee-filters/59fa54bf603832000b39b2df" class="js-product-tile__product-photo-wrapper js-product-photo-link js-product-link" data-alt="No. 4 Coffee Filters" data-src="https://goodeggs4.imgix.net/48c66fc8-be17-4837-9420-f916f41560b4.jpg?w=380&amp;h=238&amp;fm=jpg&amp;auto=compress&amp;fit=crop"><img class="product-tile__product-photo" alt="No. 4 Coffee Filters" src="./Health &amp; Home _ SF Bay _ Good Eggs_files/48c66fc8-be17-4837-9420-f916f41560b4.jpg"></a><div class="product-tile__product-photo-tinter"></div><div class="product-tile__quick-add"><div class="product-tile__quick-add-count is-transparent"><div class="product-tile__quick-add-quantity"><div class="product-tile__quantity-spinner product-tile__quantity-spinner__quantity js-quantity-indicator">1</div><div class="product-tile__quantity-spinner product-tile__quantity-spinner__previous-quantity js-quantity-indicator">1</div></div><div class="product-tile__quick-add-quantity-label"><div class="product-tile__quick-add-quantity-label-result">added</div><div class="product-tile__quick-add-quantity-label-summary">in your basket</div></div><div class="product-tile__quick-add-gift"><i class="icon icon-share-gift"></i></div><div class="product-tile__quick-add-gift-label"><div class="product-tile__quick-add-gift-summary">Gift in your basket</div></div></div><div class="product-tile__quick-add-buttons"><button class="btn product-tile__quick-add-button product-tile__quick-add-button-remove js-product-tile__quick-remove"><div class="product-tile__quick-add-minus"></div></button><button class="btn product-tile__quick-add-button product-tile__quick-add-button-add js-product-tile__quick-add"><div class="product-tile__quick-add-plus"></div></button></div></div></div><div class="product-tile__product-info"><div class="product-tile__product-name-and-details"><a class="js-producer-link" href="https://www.goodeggs.com/ifyoucaresfbay"><div class="product-tile__producer-name">If You Care</div></a><a class="js-product-link" href="https://www.goodeggs.com/sfbay/ifyoucaresfbay/no-4-coffee-filters/59fa54bf603832000b39b2df"><h5 class="product-tile__product-name">No. 4 Coffee Filters</h5></a></div><div class="product-tile__price-info product-tile-collapsing-row clearfix"><div class="product-tile__purchase-price product-tile-collapsing-row__fixed-right"><div class="split-price"><span class="split-price__dollars">4</span><span class="split-price__cents">99</span></div></div><div class="product-tile__purchase-unit product-tile-collapsing-row__primary-info">100 count</div></div></div></div></div><div class="grid-item lazyloaded" data-product-id="59fa54894b9ee8000b186f5e"><div class="product-tile product-tile--compact product-tile--market" data-id="59fa54894b9ee8000b186f5e"><div class="product-tile__favorite not-favorited"><div><div class="product-tile__favorite-circle"><svg class="product-tile__favorite-heart" viewBox="8.9 7.8 18 16.633654"><path d="m 17.89989,23.433653 c 0.631042,-0.630881 4.233291,-4.23521 6.485296,-6.486896 2.017605,-2.017765 1.974565,-4.958732 0.140161,-6.783217 -1.834405,-1.8249642 -4.800652,-1.8169641 -6.625457,0.0176 -1.824645,-1.8345641 -4.790892,-1.8425642 -6.625297,-0.0176 -1.8344041,1.824485 -1.8772842,4.765452 0.140161,6.783217 2.251845,2.251686 5.854574,5.856015 6.485136,6.486896 l 0,0 z"></path></svg></div></div></div><div class="product-tile__product-visuals"><a href="https://www.goodeggs.com/sfbay/ifyoucaresfbay/no-2-coffee-filters/59fa54894b9ee8000b186f5e" class="js-product-tile__product-photo-wrapper js-product-photo-link js-product-link" data-alt="No. 2 Coffee Filters" data-src="https://goodeggs4.imgix.net/b3db8098-6bd7-4eb2-b04b-a2137861e948.jpg?w=380&amp;h=238&amp;fm=jpg&amp;auto=compress&amp;fit=crop"><img class="product-tile__product-photo" alt="No. 2 Coffee Filters" src="./Health &amp; Home _ SF Bay _ Good Eggs_files/b3db8098-6bd7-4eb2-b04b-a2137861e948.jpg"></a><div class="product-tile__product-photo-tinter"></div><div class="product-tile__quick-add"><div class="product-tile__quick-add-count is-transparent"><div class="product-tile__quick-add-quantity"><div class="product-tile__quantity-spinner product-tile__quantity-spinner__quantity js-quantity-indicator">1</div><div class="product-tile__quantity-spinner product-tile__quantity-spinner__previous-quantity js-quantity-indicator">1</div></div><div class="product-tile__quick-add-quantity-label"><div class="product-tile__quick-add-quantity-label-result">added</div><div class="product-tile__quick-add-quantity-label-summary">in your basket</div></div><div class="product-tile__quick-add-gift"><i class="icon icon-share-gift"></i></div><div class="product-tile__quick-add-gift-label"><div class="product-tile__quick-add-gift-summary">Gift in your basket</div></div></div><div class="product-tile__quick-add-buttons"><button class="btn product-tile__quick-add-button product-tile__quick-add-button-remove js-product-tile__quick-remove"><div class="product-tile__quick-add-minus"></div></button><button class="btn product-tile__quick-add-button product-tile__quick-add-button-add js-product-tile__quick-add"><div class="product-tile__quick-add-plus"></div></button></div></div></div><div class="product-tile__product-info"><div class="product-tile__product-name-and-details"><a class="js-producer-link" href="https://www.goodeggs.com/ifyoucaresfbay"><div class="product-tile__producer-name">If You Care</div></a><a class="js-product-link" href="https://www.goodeggs.com/sfbay/ifyoucaresfbay/no-2-coffee-filters/59fa54894b9ee8000b186f5e"><h5 class="product-tile__product-name">No. 2 Coffee Filters</h5></a></div><div class="product-tile__price-info product-tile-collapsing-row clearfix"><div class="product-tile__purchase-price product-tile-collapsing-row__fixed-right"><div class="split-price"><span class="split-price__dollars">4</span><span class="split-price__cents">99</span></div></div><div class="product-tile__purchase-unit product-tile-collapsing-row__primary-info">100 count</div></div></div></div></div><div class="grid-item lazyloaded" data-product-id="533613c316c8d602000000d3"><div class="product-tile product-tile--compact product-tile--market" data-id="533613c316c8d602000000d3"><div class="product-tile__favorite not-favorited"><div><div class="product-tile__favorite-circle"><svg class="product-tile__favorite-heart" viewBox="8.9 7.8 18 16.633654"><path d="m 17.89989,23.433653 c 0.631042,-0.630881 4.233291,-4.23521 6.485296,-6.486896 2.017605,-2.017765 1.974565,-4.958732 0.140161,-6.783217 -1.834405,-1.8249642 -4.800652,-1.8169641 -6.625457,0.0176 -1.824645,-1.8345641 -4.790892,-1.8425642 -6.625297,-0.0176 -1.8344041,1.824485 -1.8772842,4.765452 0.140161,6.783217 2.251845,2.251686 5.854574,5.856015 6.485136,6.486896 l 0,0 z"></path></svg></div></div></div><div class="product-tile__product-visuals"><a href="https://www.goodeggs.com/sfbay/fivemountainstea/t-sac-loose-leaf-tea-filters/533613c316c8d602000000d3" class="js-product-tile__product-photo-wrapper js-product-photo-link js-product-link" data-alt="T-sac Loose Leaf Tea Filters" data-src="https://goodeggs4.imgix.net/5b8499b6-256c-4ebc-b0de-1ab9e79af117.jpg?w=380&amp;h=238&amp;fm=jpg&amp;auto=compress&amp;fit=crop"><img class="product-tile__product-photo" alt="T-sac Loose Leaf Tea Filters" src="./Health &amp; Home _ SF Bay _ Good Eggs_files/5b8499b6-256c-4ebc-b0de-1ab9e79af117.jpg"></a><div class="product-tile__product-photo-tinter"></div><div class="product-tile__quick-add"><div class="product-tile__quick-add-count is-transparent"><div class="product-tile__quick-add-quantity"><div class="product-tile__quantity-spinner product-tile__quantity-spinner__quantity js-quantity-indicator">1</div><div class="product-tile__quantity-spinner product-tile__quantity-spinner__previous-quantity js-quantity-indicator">1</div></div><div class="product-tile__quick-add-quantity-label"><div class="product-tile__quick-add-quantity-label-result">added</div><div class="product-tile__quick-add-quantity-label-summary">in your basket</div></div><div class="product-tile__quick-add-gift"><i class="icon icon-share-gift"></i></div><div class="product-tile__quick-add-gift-label"><div class="product-tile__quick-add-gift-summary">Gift in your basket</div></div></div><div class="product-tile__quick-add-buttons"><button class="btn product-tile__quick-add-button product-tile__quick-add-button-remove js-product-tile__quick-remove"><div class="product-tile__quick-add-minus"></div></button><button class="btn product-tile__quick-add-button product-tile__quick-add-button-add js-product-tile__quick-add"><div class="product-tile__quick-add-plus"></div></button></div></div></div><div class="product-tile__product-info"><div class="product-tile__product-name-and-details"><a class="js-producer-link" href="https://www.goodeggs.com/fivemountainstea"><div class="product-tile__producer-name">Five Mountains Heirloom Organic Tea</div></a><a class="js-product-link" href="https://www.goodeggs.com/sfbay/fivemountainstea/t-sac-loose-leaf-tea-filters/533613c316c8d602000000d3"><h5 class="product-tile__product-name">T-sac Loose Leaf Tea Filters</h5></a></div><div class="product-tile__price-info product-tile-collapsing-row clearfix"><div class="product-tile__purchase-price product-tile-collapsing-row__fixed-right"><div class="split-price"><span class="split-price__dollars">9</span><span class="split-price__cents">99</span></div></div><div class="product-tile__purchase-unit product-tile-collapsing-row__primary-info">100 count</div></div></div></div></div></div></div></div><div id="kitchen-ware" class="section-page"><div class="product-listings-view__section-anchor" id="health-home-kitchen-kitchen-ware"></div><h3 class="listings-section-header">Cookware &amp; Bakeware</h3><div class="page"><div class="grid-items"><div class="grid-item lazyloaded" data-product-id="5bd7c9deddee9d000fdfe7e9"><div class="product-tile product-tile--compact product-tile--market" data-id="5bd7c9deddee9d000fdfe7e9"><div class="product-tile__favorite not-favorited"><div><div class="product-tile__favorite-circle"><svg class="product-tile__favorite-heart" viewBox="8.9 7.8 18 16.633654"><path d="m 17.89989,23.433653 c 0.631042,-0.630881 4.233291,-4.23521 6.485296,-6.486896 2.017605,-2.017765 1.974565,-4.958732 0.140161,-6.783217 -1.834405,-1.8249642 -4.800652,-1.8169641 -6.625457,0.0176 -1.824645,-1.8345641 -4.790892,-1.8425642 -6.625297,-0.0176 -1.8344041,1.824485 -1.8772842,4.765452 0.140161,6.783217 2.251845,2.251686 5.854574,5.856015 6.485136,6.486896 l 0,0 z"></path></svg></div></div></div><div class="product-tile__product-visuals"><a href="https://www.goodeggs.com/sfbay/ifyoucaresfbay/paper-baking-cups/5bd7c9deddee9d000fdfe7e9" class="js-product-tile__product-photo-wrapper js-product-photo-link js-product-link" data-alt="Paper Baking Cups" data-src="https://goodeggs4.imgix.net/6c11a71c-8221-4c14-bdb7-1a6721b95d71.jpg?w=380&amp;h=238&amp;fm=jpg&amp;auto=compress&amp;fit=crop"><img class="product-tile__product-photo" alt="Paper Baking Cups" src="./Health &amp; Home _ SF Bay _ Good Eggs_files/6c11a71c-8221-4c14-bdb7-1a6721b95d71.jpg"></a><div class="product-tile__product-photo-tinter"></div><div class="product-tile__quick-add"><div class="product-tile__quick-add-count is-transparent"><div class="product-tile__quick-add-quantity"><div class="product-tile__quantity-spinner product-tile__quantity-spinner__quantity js-quantity-indicator">1</div><div class="product-tile__quantity-spinner product-tile__quantity-spinner__previous-quantity js-quantity-indicator">1</div></div><div class="product-tile__quick-add-quantity-label"><div class="product-tile__quick-add-quantity-label-result">added</div><div class="product-tile__quick-add-quantity-label-summary">in your basket</div></div><div class="product-tile__quick-add-gift"><i class="icon icon-share-gift"></i></div><div class="product-tile__quick-add-gift-label"><div class="product-tile__quick-add-gift-summary">Gift in your basket</div></div></div><div class="product-tile__quick-add-buttons"><button class="btn product-tile__quick-add-button product-tile__quick-add-button-remove js-product-tile__quick-remove"><div class="product-tile__quick-add-minus"></div></button><button class="btn product-tile__quick-add-button product-tile__quick-add-button-add js-product-tile__quick-add"><div class="product-tile__quick-add-plus"></div></button></div></div></div><div class="product-tile__product-info"><div class="product-tile__product-name-and-details"><a class="js-producer-link" href="https://www.goodeggs.com/ifyoucaresfbay"><div class="product-tile__producer-name">If You Care</div></a><a class="js-product-link" href="https://www.goodeggs.com/sfbay/ifyoucaresfbay/paper-baking-cups/5bd7c9deddee9d000fdfe7e9"><h5 class="product-tile__product-name">Paper Baking Cups</h5></a></div><div class="product-tile__price-info product-tile-collapsing-row clearfix"><div class="product-tile__purchase-price product-tile-collapsing-row__fixed-right"><div class="split-price"><span class="split-price__dollars">1</span><span class="split-price__cents">99</span></div></div><div class="product-tile__purchase-unit product-tile-collapsing-row__primary-info">60 count</div></div></div></div></div><div class="grid-item lazyloaded" data-product-id="5612a7269059a80300b826a0"><div class="product-tile product-tile--compact product-tile--market" data-id="5612a7269059a80300b826a0"><div class="product-tile__favorite not-favorited"><div><div class="product-tile__favorite-circle"><svg class="product-tile__favorite-heart" viewBox="8.9 7.8 18 16.633654"><path d="m 17.89989,23.433653 c 0.631042,-0.630881 4.233291,-4.23521 6.485296,-6.486896 2.017605,-2.017765 1.974565,-4.958732 0.140161,-6.783217 -1.834405,-1.8249642 -4.800652,-1.8169641 -6.625457,0.0176 -1.824645,-1.8345641 -4.790892,-1.8425642 -6.625297,-0.0176 -1.8344041,1.824485 -1.8772842,4.765452 0.140161,6.783217 2.251845,2.251686 5.854574,5.856015 6.485136,6.486896 l 0,0 z"></path></svg></div></div></div><div class="product-tile__product-visuals"><a href="https://www.goodeggs.com/sfbay/ifyoucaresfbay/unbleached-cheesecloth/5612a7269059a80300b826a0" class="js-product-tile__product-photo-wrapper js-product-photo-link js-product-link" data-alt="Unbleached Cheesecloth" data-src="https://goodeggs4.imgix.net/e8820269-61cc-4328-a2d5-4ceb5f7fed6f.jpg?w=380&amp;h=238&amp;fm=jpg&amp;auto=compress&amp;fit=crop"><img class="product-tile__product-photo" alt="Unbleached Cheesecloth" src="./Health &amp; Home _ SF Bay _ Good Eggs_files/e8820269-61cc-4328-a2d5-4ceb5f7fed6f.jpg"></a><div class="product-tile__product-photo-tinter"></div><div class="product-tile__quick-add"><div class="product-tile__quick-add-count is-transparent"><div class="product-tile__quick-add-quantity"><div class="product-tile__quantity-spinner product-tile__quantity-spinner__quantity js-quantity-indicator">1</div><div class="product-tile__quantity-spinner product-tile__quantity-spinner__previous-quantity js-quantity-indicator">1</div></div><div class="product-tile__quick-add-quantity-label"><div class="product-tile__quick-add-quantity-label-result">added</div><div class="product-tile__quick-add-quantity-label-summary">in your basket</div></div><div class="product-tile__quick-add-gift"><i class="icon icon-share-gift"></i></div><div class="product-tile__quick-add-gift-label"><div class="product-tile__quick-add-gift-summary">Gift in your basket</div></div></div><div class="product-tile__quick-add-buttons"><button class="btn product-tile__quick-add-button product-tile__quick-add-button-remove js-product-tile__quick-remove"><div class="product-tile__quick-add-minus"></div></button><button class="btn product-tile__quick-add-button product-tile__quick-add-button-add js-product-tile__quick-add"><div class="product-tile__quick-add-plus"></div></button></div></div></div><div class="product-tile__product-info"><div class="product-tile__product-name-and-details"><a class="js-producer-link" href="https://www.goodeggs.com/ifyoucaresfbay"><div class="product-tile__producer-name">If You Care</div></a><a class="js-product-link" href="https://www.goodeggs.com/sfbay/ifyoucaresfbay/unbleached-cheesecloth/5612a7269059a80300b826a0"><h5 class="product-tile__product-name">Unbleached Cheesecloth</h5></a></div><div class="product-tile__price-info product-tile-collapsing-row clearfix"><div class="product-tile__purchase-price product-tile-collapsing-row__fixed-right"><div class="split-price"><span class="split-price__dollars">3</span><span class="split-price__cents">99</span></div></div><div class="product-tile__purchase-unit product-tile-collapsing-row__primary-info">1 count</div></div></div></div></div><div class="grid-item lazyloaded" data-product-id="5bd89e5bddee9d000fdff3c5"><div class="product-tile product-tile--compact product-tile--market" data-id="5bd89e5bddee9d000fdff3c5"><div class="product-tile__favorite not-favorited"><div><div class="product-tile__favorite-circle"><svg class="product-tile__favorite-heart" viewBox="8.9 7.8 18 16.633654"><path d="m 17.89989,23.433653 c 0.631042,-0.630881 4.233291,-4.23521 6.485296,-6.486896 2.017605,-2.017765 1.974565,-4.958732 0.140161,-6.783217 -1.834405,-1.8249642 -4.800652,-1.8169641 -6.625457,0.0176 -1.824645,-1.8345641 -4.790892,-1.8425642 -6.625297,-0.0176 -1.8344041,1.824485 -1.8772842,4.765452 0.140161,6.783217 2.251845,2.251686 5.854574,5.856015 6.485136,6.486896 l 0,0 z"></path></svg></div></div></div><div class="product-tile__product-visuals"><a href="https://www.goodeggs.com/sfbay/ifyoucaresfbay/paper-loaf-pans/5bd89e5bddee9d000fdff3c5" class="js-product-tile__product-photo-wrapper js-product-photo-link js-product-link" data-alt="Paper Loaf Pans" data-src="https://goodeggs4.imgix.net/eea928ed-73fb-4c6e-89ad-95722c3b74a1.jpg?w=380&amp;h=238&amp;fm=jpg&amp;auto=compress&amp;fit=crop"><img class="product-tile__product-photo" alt="Paper Loaf Pans" src="./Health &amp; Home _ SF Bay _ Good Eggs_files/eea928ed-73fb-4c6e-89ad-95722c3b74a1.jpg"></a><div class="product-tile__product-photo-tinter"></div><div class="product-tile__quick-add"><div class="product-tile__quick-add-count is-transparent"><div class="product-tile__quick-add-quantity"><div class="product-tile__quantity-spinner product-tile__quantity-spinner__quantity js-quantity-indicator">1</div><div class="product-tile__quantity-spinner product-tile__quantity-spinner__previous-quantity js-quantity-indicator">1</div></div><div class="product-tile__quick-add-quantity-label"><div class="product-tile__quick-add-quantity-label-result">added</div><div class="product-tile__quick-add-quantity-label-summary">in your basket</div></div><div class="product-tile__quick-add-gift"><i class="icon icon-share-gift"></i></div><div class="product-tile__quick-add-gift-label"><div class="product-tile__quick-add-gift-summary">Gift in your basket</div></div></div><div class="product-tile__quick-add-buttons"><button class="btn product-tile__quick-add-button product-tile__quick-add-button-remove js-product-tile__quick-remove"><div class="product-tile__quick-add-minus"></div></button><button class="btn product-tile__quick-add-button product-tile__quick-add-button-add js-product-tile__quick-add"><div class="product-tile__quick-add-plus"></div></button></div></div></div><div class="product-tile__product-info"><div class="product-tile__product-name-and-details"><a class="js-producer-link" href="https://www.goodeggs.com/ifyoucaresfbay"><div class="product-tile__producer-name">If You Care</div></a><a class="js-product-link" href="https://www.goodeggs.com/sfbay/ifyoucaresfbay/paper-loaf-pans/5bd89e5bddee9d000fdff3c5"><h5 class="product-tile__product-name">Paper Loaf Pans</h5></a></div><div class="product-tile__price-info product-tile-collapsing-row clearfix"><div class="product-tile__purchase-price product-tile-collapsing-row__fixed-right"><div class="split-price"><span class="split-price__dollars">4</span><span class="split-price__cents">99</span></div></div><div class="product-tile__purchase-unit product-tile-collapsing-row__primary-info">4 count</div></div></div></div></div><div class="grid-item lazyloaded" data-product-id="5bd89eceddee9d000fdff3d4"><div class="product-tile product-tile--compact product-tile--market" data-id="5bd89eceddee9d000fdff3d4"><div class="product-tile__favorite not-favorited"><div><div class="product-tile__favorite-circle"><svg class="product-tile__favorite-heart" viewBox="8.9 7.8 18 16.633654"><path d="m 17.89989,23.433653 c 0.631042,-0.630881 4.233291,-4.23521 6.485296,-6.486896 2.017605,-2.017765 1.974565,-4.958732 0.140161,-6.783217 -1.834405,-1.8249642 -4.800652,-1.8169641 -6.625457,0.0176 -1.824645,-1.8345641 -4.790892,-1.8425642 -6.625297,-0.0176 -1.8344041,1.824485 -1.8772842,4.765452 0.140161,6.783217 2.251845,2.251686 5.854574,5.856015 6.485136,6.486896 l 0,0 z"></path></svg></div></div></div><div class="product-tile__product-visuals"><a href="https://www.goodeggs.com/sfbay/ifyoucaresfbay/paper-cake-pie-pans/5bd89eceddee9d000fdff3d4" class="js-product-tile__product-photo-wrapper js-product-photo-link js-product-link" data-alt="Paper Cake &amp; Pie Pans" data-src="https://goodeggs4.imgix.net/d42af694-478a-4d0e-ad79-88b0fd058700.jpg?w=380&amp;h=238&amp;fm=jpg&amp;auto=compress&amp;fit=crop"><img class="product-tile__product-photo" alt="Paper Cake &amp; Pie Pans" src="./Health &amp; Home _ SF Bay _ Good Eggs_files/d42af694-478a-4d0e-ad79-88b0fd058700.jpg"></a><div class="product-tile__product-photo-tinter"></div><div class="product-tile__quick-add"><div class="product-tile__quick-add-count is-transparent"><div class="product-tile__quick-add-quantity"><div class="product-tile__quantity-spinner product-tile__quantity-spinner__quantity js-quantity-indicator">1</div><div class="product-tile__quantity-spinner product-tile__quantity-spinner__previous-quantity js-quantity-indicator">1</div></div><div class="product-tile__quick-add-quantity-label"><div class="product-tile__quick-add-quantity-label-result">added</div><div class="product-tile__quick-add-quantity-label-summary">in your basket</div></div><div class="product-tile__quick-add-gift"><i class="icon icon-share-gift"></i></div><div class="product-tile__quick-add-gift-label"><div class="product-tile__quick-add-gift-summary">Gift in your basket</div></div></div><div class="product-tile__quick-add-buttons"><button class="btn product-tile__quick-add-button product-tile__quick-add-button-remove js-product-tile__quick-remove"><div class="product-tile__quick-add-minus"></div></button><button class="btn product-tile__quick-add-button product-tile__quick-add-button-add js-product-tile__quick-add"><div class="product-tile__quick-add-plus"></div></button></div></div></div><div class="product-tile__product-info"><div class="product-tile__product-name-and-details"><a class="js-producer-link" href="https://www.goodeggs.com/ifyoucaresfbay"><div class="product-tile__producer-name">If You Care</div></a><a class="js-product-link" href="https://www.goodeggs.com/sfbay/ifyoucaresfbay/paper-cake-pie-pans/5bd89eceddee9d000fdff3d4"><h5 class="product-tile__product-name">Paper Cake &amp; Pie Pans</h5></a></div><div class="product-tile__price-info product-tile-collapsing-row clearfix"><div class="product-tile__purchase-price product-tile-collapsing-row__fixed-right"><div class="split-price"><span class="split-price__dollars">4</span><span class="split-price__cents">99</span></div></div><div class="product-tile__purchase-unit product-tile-collapsing-row__primary-info">4 count</div></div></div></div></div><div class="grid-item lazyloaded" data-product-id="5a0256a4d7fa4b000b41cb53"><div class="product-tile product-tile--compact product-tile--market" data-id="5a0256a4d7fa4b000b41cb53"><div class="product-tile__favorite not-favorited"><div><div class="product-tile__favorite-circle"><svg class="product-tile__favorite-heart" viewBox="8.9 7.8 18 16.633654"><path d="m 17.89989,23.433653 c 0.631042,-0.630881 4.233291,-4.23521 6.485296,-6.486896 2.017605,-2.017765 1.974565,-4.958732 0.140161,-6.783217 -1.834405,-1.8249642 -4.800652,-1.8169641 -6.625457,0.0176 -1.824645,-1.8345641 -4.790892,-1.8425642 -6.625297,-0.0176 -1.8344041,1.824485 -1.8772842,4.765452 0.140161,6.783217 2.251845,2.251686 5.854574,5.856015 6.485136,6.486896 l 0,0 z"></path></svg></div></div></div><div class="product-tile__product-visuals"><a href="https://www.goodeggs.com/sfbay/ecofoilsfbay/recycled-aluminum-roasting-pan/5a0256a4d7fa4b000b41cb53" class="js-product-tile__product-photo-wrapper js-product-photo-link js-product-link" data-alt="Recycled Aluminum Roasting Pan" data-src="https://goodeggs4.imgix.net/3c961ba5-8717-4d4a-a4d6-fa60666d5db3.jpg?w=380&amp;h=238&amp;fm=jpg&amp;auto=compress&amp;fit=crop"><img class="product-tile__product-photo" alt="Recycled Aluminum Roasting Pan" src="./Health &amp; Home _ SF Bay _ Good Eggs_files/3c961ba5-8717-4d4a-a4d6-fa60666d5db3.jpg"></a><div class="product-tile__product-photo-tinter"></div><div class="product-tile__quick-add"><div class="product-tile__quick-add-count is-transparent"><div class="product-tile__quick-add-quantity"><div class="product-tile__quantity-spinner product-tile__quantity-spinner__quantity js-quantity-indicator">1</div><div class="product-tile__quantity-spinner product-tile__quantity-spinner__previous-quantity js-quantity-indicator">1</div></div><div class="product-tile__quick-add-quantity-label"><div class="product-tile__quick-add-quantity-label-result">added</div><div class="product-tile__quick-add-quantity-label-summary">in your basket</div></div><div class="product-tile__quick-add-gift"><i class="icon icon-share-gift"></i></div><div class="product-tile__quick-add-gift-label"><div class="product-tile__quick-add-gift-summary">Gift in your basket</div></div></div><div class="product-tile__quick-add-buttons"><button class="btn product-tile__quick-add-button product-tile__quick-add-button-remove js-product-tile__quick-remove"><div class="product-tile__quick-add-minus"></div></button><button class="btn product-tile__quick-add-button product-tile__quick-add-button-add js-product-tile__quick-add"><div class="product-tile__quick-add-plus"></div></button></div></div></div><div class="product-tile__product-info"><div class="product-tile__product-name-and-details"><a class="js-producer-link" href="https://www.goodeggs.com/ecofoilsfbay"><div class="product-tile__producer-name">Eco-Foil</div></a><a class="js-product-link" href="https://www.goodeggs.com/sfbay/ecofoilsfbay/recycled-aluminum-roasting-pan/5a0256a4d7fa4b000b41cb53"><h5 class="product-tile__product-name">Recycled Aluminum Roasting Pan</h5></a></div><div class="product-tile__price-info product-tile-collapsing-row clearfix"><div class="product-tile__purchase-price product-tile-collapsing-row__fixed-right"><div class="split-price"><span class="split-price__dollars">4</span><span class="split-price__cents">99</span></div></div><div class="product-tile__purchase-unit product-tile-collapsing-row__primary-info">1 count</div></div></div></div></div><div class="grid-item lazyloaded" data-product-id="59f8de6a85f581000bff4f70"><div class="product-tile product-tile--compact product-tile--market" data-id="59f8de6a85f581000bff4f70"><div class="product-tile__favorite not-favorited"><div><div class="product-tile__favorite-circle"><svg class="product-tile__favorite-heart" viewBox="8.9 7.8 18 16.633654"><path d="m 17.89989,23.433653 c 0.631042,-0.630881 4.233291,-4.23521 6.485296,-6.486896 2.017605,-2.017765 1.974565,-4.958732 0.140161,-6.783217 -1.834405,-1.8249642 -4.800652,-1.8169641 -6.625457,0.0176 -1.824645,-1.8345641 -4.790892,-1.8425642 -6.625297,-0.0176 -1.8344041,1.824485 -1.8772842,4.765452 0.140161,6.783217 2.251845,2.251686 5.854574,5.856015 6.485136,6.486896 l 0,0 z"></path></svg></div></div></div><div class="product-tile__product-visuals"><a href="https://www.goodeggs.com/sfbay/ifyoucaresfbay/parchment-roasting-bags/59f8de6a85f581000bff4f70" class="js-product-tile__product-photo-wrapper js-product-photo-link js-product-link" data-alt="Parchment Roasting Bags" data-src="https://goodeggs4.imgix.net/f94d5eda-ecee-4e1f-a8ef-46710c4c3fd8.jpg?w=380&amp;h=238&amp;fm=jpg&amp;auto=compress&amp;fit=crop"><img class="product-tile__product-photo" alt="Parchment Roasting Bags" src="./Health &amp; Home _ SF Bay _ Good Eggs_files/f94d5eda-ecee-4e1f-a8ef-46710c4c3fd8.jpg"></a><div class="product-tile__product-photo-tinter"></div><div class="product-tile__quick-add"><div class="product-tile__quick-add-count is-transparent"><div class="product-tile__quick-add-quantity"><div class="product-tile__quantity-spinner product-tile__quantity-spinner__quantity js-quantity-indicator">1</div><div class="product-tile__quantity-spinner product-tile__quantity-spinner__previous-quantity js-quantity-indicator">1</div></div><div class="product-tile__quick-add-quantity-label"><div class="product-tile__quick-add-quantity-label-result">added</div><div class="product-tile__quick-add-quantity-label-summary">in your basket</div></div><div class="product-tile__quick-add-gift"><i class="icon icon-share-gift"></i></div><div class="product-tile__quick-add-gift-label"><div class="product-tile__quick-add-gift-summary">Gift in your basket</div></div></div><div class="product-tile__quick-add-buttons"><button class="btn product-tile__quick-add-button product-tile__quick-add-button-remove js-product-tile__quick-remove"><div class="product-tile__quick-add-minus"></div></button><button class="btn product-tile__quick-add-button product-tile__quick-add-button-add js-product-tile__quick-add"><div class="product-tile__quick-add-plus"></div></button></div></div></div><div class="product-tile__product-info"><div class="product-tile__product-name-and-details"><a class="js-producer-link" href="https://www.goodeggs.com/ifyoucaresfbay"><div class="product-tile__producer-name">If You Care</div></a><a class="js-product-link" href="https://www.goodeggs.com/sfbay/ifyoucaresfbay/parchment-roasting-bags/59f8de6a85f581000bff4f70"><h5 class="product-tile__product-name">Parchment Roasting Bags</h5></a></div><div class="product-tile__price-info product-tile-collapsing-row clearfix"><div class="product-tile__purchase-price product-tile-collapsing-row__fixed-right"><div class="split-price"><span class="split-price__dollars">8</span><span class="split-price__cents">49</span></div></div><div class="product-tile__purchase-unit product-tile-collapsing-row__primary-info">2 count</div></div></div></div></div></div></div></div><div id="kitchen-storage" class="section-page"><div class="product-listings-view__section-anchor" id="health-home-kitchen-kitchen-storage"></div><h3 class="listings-section-header">Food Storage</h3><div class="page"><div class="grid-items"><div class="grid-item lazyloaded" data-product-id="5fbc36d771785b000ea8d0ab"><div class="product-tile product-tile--compact product-tile--market" data-id="5fbc36d771785b000ea8d0ab"><div class="product-tile__favorite not-favorited"><div><div class="product-tile__favorite-circle"><svg class="product-tile__favorite-heart" viewBox="8.9 7.8 18 16.633654"><path d="m 17.89989,23.433653 c 0.631042,-0.630881 4.233291,-4.23521 6.485296,-6.486896 2.017605,-2.017765 1.974565,-4.958732 0.140161,-6.783217 -1.834405,-1.8249642 -4.800652,-1.8169641 -6.625457,0.0176 -1.824645,-1.8345641 -4.790892,-1.8425642 -6.625297,-0.0176 -1.8344041,1.824485 -1.8772842,4.765452 0.140161,6.783217 2.251845,2.251686 5.854574,5.856015 6.485136,6.486896 l 0,0 z"></path></svg></div></div></div><div class="product-tile__product-visuals"><a href="https://www.goodeggs.com/sfbay/aplat/casserole-tote-blackberry/5fbc36d771785b000ea8d0ab" class="js-product-tile__product-photo-wrapper js-product-photo-link js-product-link" data-alt="Casserole Tote - Blackberry" data-src="https://goodeggs4.imgix.net/343d6a53-96f9-4f32-90b1-fc4d432ac623.jpg?w=380&amp;h=238&amp;fm=jpg&amp;auto=compress&amp;fit=crop"><img class="product-tile__product-photo" alt="Casserole Tote - Blackberry" src="./Health &amp; Home _ SF Bay _ Good Eggs_files/343d6a53-96f9-4f32-90b1-fc4d432ac623.jpg"></a><div class="product-tile__product-photo-tinter"></div><div class="product-tile__quick-add"><div class="product-tile__quick-add-count is-transparent"><div class="product-tile__quick-add-quantity"><div class="product-tile__quantity-spinner product-tile__quantity-spinner__quantity js-quantity-indicator">1</div><div class="product-tile__quantity-spinner product-tile__quantity-spinner__previous-quantity js-quantity-indicator">1</div></div><div class="product-tile__quick-add-quantity-label"><div class="product-tile__quick-add-quantity-label-result">added</div><div class="product-tile__quick-add-quantity-label-summary">in your basket</div></div><div class="product-tile__quick-add-gift"><i class="icon icon-share-gift"></i></div><div class="product-tile__quick-add-gift-label"><div class="product-tile__quick-add-gift-summary">Gift in your basket</div></div></div><div class="product-tile__quick-add-buttons"><button class="btn product-tile__quick-add-button product-tile__quick-add-button-remove js-product-tile__quick-remove"><div class="product-tile__quick-add-minus"></div></button><button class="btn product-tile__quick-add-button product-tile__quick-add-button-add js-product-tile__quick-add"><div class="product-tile__quick-add-plus"></div></button></div></div></div><div class="product-tile__product-info"><div class="product-tile__product-name-and-details"><a class="js-producer-link" href="https://www.goodeggs.com/aplat"><div class="product-tile__producer-name">Aplat</div></a><a class="js-product-link" href="https://www.goodeggs.com/sfbay/aplat/casserole-tote-blackberry/5fbc36d771785b000ea8d0ab"><h5 class="product-tile__product-name">Casserole Tote - Blackberry</h5></a></div><div class="product-tile__price-info product-tile-collapsing-row clearfix"><div class="product-tile__purchase-price product-tile-collapsing-row__fixed-right"><div class="split-price"><span class="split-price__dollars">51</span><span class="split-price__cents">99</span></div></div><div class="product-tile__purchase-unit product-tile-collapsing-row__primary-info">1 count</div></div></div></div></div><div class="grid-item lazyloaded" data-product-id="5fbc385548d36b000e39f4c3"><div class="product-tile product-tile--compact product-tile--market" data-id="5fbc385548d36b000e39f4c3"><div class="product-tile__favorite not-favorited"><div><div class="product-tile__favorite-circle"><svg class="product-tile__favorite-heart" viewBox="8.9 7.8 18 16.633654"><path d="m 17.89989,23.433653 c 0.631042,-0.630881 4.233291,-4.23521 6.485296,-6.486896 2.017605,-2.017765 1.974565,-4.958732 0.140161,-6.783217 -1.834405,-1.8249642 -4.800652,-1.8169641 -6.625457,0.0176 -1.824645,-1.8345641 -4.790892,-1.8425642 -6.625297,-0.0176 -1.8344041,1.824485 -1.8772842,4.765452 0.140161,6.783217 2.251845,2.251686 5.854574,5.856015 6.485136,6.486896 l 0,0 z"></path></svg></div></div></div><div class="product-tile__product-visuals"><a href="https://www.goodeggs.com/sfbay/aplat/single-bottle-wine-and-picnic-tote-merlot/5fbc385548d36b000e39f4c3" class="js-product-tile__product-photo-wrapper js-product-photo-link js-product-link" data-alt="Single Bottle Wine and Picnic Tote - Merlot" data-src="https://goodeggs4.imgix.net/337a01fd-62fb-464f-acc8-eda678b8550e.jpg?w=380&amp;h=238&amp;fm=jpg&amp;auto=compress&amp;fit=crop"><img class="product-tile__product-photo" alt="Single Bottle Wine and Picnic Tote - Merlot" src="./Health &amp; Home _ SF Bay _ Good Eggs_files/337a01fd-62fb-464f-acc8-eda678b8550e.jpg"></a><div class="product-tile__product-photo-tinter"></div><div class="product-tile__quick-add"><div class="product-tile__quick-add-count is-transparent"><div class="product-tile__quick-add-quantity"><div class="product-tile__quantity-spinner product-tile__quantity-spinner__quantity js-quantity-indicator">1</div><div class="product-tile__quantity-spinner product-tile__quantity-spinner__previous-quantity js-quantity-indicator">1</div></div><div class="product-tile__quick-add-quantity-label"><div class="product-tile__quick-add-quantity-label-result">added</div><div class="product-tile__quick-add-quantity-label-summary">in your basket</div></div><div class="product-tile__quick-add-gift"><i class="icon icon-share-gift"></i></div><div class="product-tile__quick-add-gift-label"><div class="product-tile__quick-add-gift-summary">Gift in your basket</div></div></div><div class="product-tile__quick-add-buttons"><button class="btn product-tile__quick-add-button product-tile__quick-add-button-remove js-product-tile__quick-remove"><div class="product-tile__quick-add-minus"></div></button><button class="btn product-tile__quick-add-button product-tile__quick-add-button-add js-product-tile__quick-add"><div class="product-tile__quick-add-plus"></div></button></div></div></div><div class="product-tile__product-info"><div class="product-tile__product-name-and-details"><a class="js-producer-link" href="https://www.goodeggs.com/aplat"><div class="product-tile__producer-name">Aplat</div></a><a class="js-product-link" href="https://www.goodeggs.com/sfbay/aplat/single-bottle-wine-and-picnic-tote-merlot/5fbc385548d36b000e39f4c3"><h5 class="product-tile__product-name">Single Bottle Wine and Picnic Tote - Merlot</h5></a></div><div class="product-tile__price-info product-tile-collapsing-row clearfix"><div class="product-tile__purchase-price product-tile-collapsing-row__fixed-right"><div class="split-price"><span class="split-price__dollars">51</span><span class="split-price__cents">99</span></div></div><div class="product-tile__purchase-unit product-tile-collapsing-row__primary-info">1 count</div></div></div></div></div><div class="grid-item lazyloaded" data-product-id="5fbc317471785b000ea8cff7"><div class="product-tile product-tile--compact product-tile--market" data-id="5fbc317471785b000ea8cff7"><div class="product-tile__favorite not-favorited"><div><div class="product-tile__favorite-circle"><svg class="product-tile__favorite-heart" viewBox="8.9 7.8 18 16.633654"><path d="m 17.89989,23.433653 c 0.631042,-0.630881 4.233291,-4.23521 6.485296,-6.486896 2.017605,-2.017765 1.974565,-4.958732 0.140161,-6.783217 -1.834405,-1.8249642 -4.800652,-1.8169641 -6.625457,0.0176 -1.824645,-1.8345641 -4.790892,-1.8425642 -6.625297,-0.0176 -1.8344041,1.824485 -1.8772842,4.765452 0.140161,6.783217 2.251845,2.251686 5.854574,5.856015 6.485136,6.486896 l 0,0 z"></path></svg></div></div></div><div class="product-tile__product-visuals"><a href="https://www.goodeggs.com/sfbay/aplat/casserole-tote-merlot/5fbc317471785b000ea8cff7" class="js-product-tile__product-photo-wrapper js-product-photo-link js-product-link" data-alt="Casserole Tote - Merlot" data-src="https://goodeggs4.imgix.net/88feed73-146b-46a2-94bb-fc7076c82749.jpg?w=380&amp;h=238&amp;fm=jpg&amp;auto=compress&amp;fit=crop"><img class="product-tile__product-photo" alt="Casserole Tote - Merlot" src="./Health &amp; Home _ SF Bay _ Good Eggs_files/88feed73-146b-46a2-94bb-fc7076c82749.jpg"></a><div class="product-tile__product-photo-tinter"></div><div class="product-tile__quick-add"><div class="product-tile__quick-add-count is-transparent"><div class="product-tile__quick-add-quantity"><div class="product-tile__quantity-spinner product-tile__quantity-spinner__quantity js-quantity-indicator">1</div><div class="product-tile__quantity-spinner product-tile__quantity-spinner__previous-quantity js-quantity-indicator">1</div></div><div class="product-tile__quick-add-quantity-label"><div class="product-tile__quick-add-quantity-label-result">added</div><div class="product-tile__quick-add-quantity-label-summary">in your basket</div></div><div class="product-tile__quick-add-gift"><i class="icon icon-share-gift"></i></div><div class="product-tile__quick-add-gift-label"><div class="product-tile__quick-add-gift-summary">Gift in your basket</div></div></div><div class="product-tile__quick-add-buttons"><button class="btn product-tile__quick-add-button product-tile__quick-add-button-remove js-product-tile__quick-remove"><div class="product-tile__quick-add-minus"></div></button><button class="btn product-tile__quick-add-button product-tile__quick-add-button-add js-product-tile__quick-add"><div class="product-tile__quick-add-plus"></div></button></div></div></div><div class="product-tile__product-info"><div class="product-tile__product-name-and-details"><a class="js-producer-link" href="https://www.goodeggs.com/aplat"><div class="product-tile__producer-name">Aplat</div></a><a class="js-product-link" href="https://www.goodeggs.com/sfbay/aplat/casserole-tote-merlot/5fbc317471785b000ea8cff7"><h5 class="product-tile__product-name">Casserole Tote - Merlot</h5></a></div><div class="product-tile__price-info product-tile-collapsing-row clearfix"><div class="product-tile__purchase-price product-tile-collapsing-row__fixed-right"><div class="split-price"><span class="split-price__dollars">51</span><span class="split-price__cents">99</span></div></div><div class="product-tile__purchase-unit product-tile-collapsing-row__primary-info">1 count</div></div></div></div></div><div class="grid-item lazyloaded" data-product-id="5fbc388b48d36b000e39f4e4"><div class="product-tile product-tile--compact product-tile--market" data-id="5fbc388b48d36b000e39f4e4"><div class="product-tile__favorite not-favorited"><div><div class="product-tile__favorite-circle"><svg class="product-tile__favorite-heart" viewBox="8.9 7.8 18 16.633654"><path d="m 17.89989,23.433653 c 0.631042,-0.630881 4.233291,-4.23521 6.485296,-6.486896 2.017605,-2.017765 1.974565,-4.958732 0.140161,-6.783217 -1.834405,-1.8249642 -4.800652,-1.8169641 -6.625457,0.0176 -1.824645,-1.8345641 -4.790892,-1.8425642 -6.625297,-0.0176 -1.8344041,1.824485 -1.8772842,4.765452 0.140161,6.783217 2.251845,2.251686 5.854574,5.856015 6.485136,6.486896 l 0,0 z"></path></svg></div></div></div><div class="product-tile__product-visuals"><a href="https://www.goodeggs.com/sfbay/aplat/single-bottle-wine-and-picnic-tote-blackberry/5fbc388b48d36b000e39f4e4" class="js-product-tile__product-photo-wrapper js-product-photo-link js-product-link" data-alt="Single Bottle Wine and Picnic Tote - Blackberry" data-src="https://goodeggs4.imgix.net/351131c3-3281-4ffc-8266-a935737ec29a.jpg?w=380&amp;h=238&amp;fm=jpg&amp;auto=compress&amp;fit=crop"><img class="product-tile__product-photo" alt="Single Bottle Wine and Picnic Tote - Blackberry" src="./Health &amp; Home _ SF Bay _ Good Eggs_files/351131c3-3281-4ffc-8266-a935737ec29a.jpg"></a><div class="product-tile__product-photo-tinter"></div><div class="product-tile__quick-add"><div class="product-tile__quick-add-count is-transparent"><div class="product-tile__quick-add-quantity"><div class="product-tile__quantity-spinner product-tile__quantity-spinner__quantity js-quantity-indicator">1</div><div class="product-tile__quantity-spinner product-tile__quantity-spinner__previous-quantity js-quantity-indicator">1</div></div><div class="product-tile__quick-add-quantity-label"><div class="product-tile__quick-add-quantity-label-result">added</div><div class="product-tile__quick-add-quantity-label-summary">in your basket</div></div><div class="product-tile__quick-add-gift"><i class="icon icon-share-gift"></i></div><div class="product-tile__quick-add-gift-label"><div class="product-tile__quick-add-gift-summary">Gift in your basket</div></div></div><div class="product-tile__quick-add-buttons"><button class="btn product-tile__quick-add-button product-tile__quick-add-button-remove js-product-tile__quick-remove"><div class="product-tile__quick-add-minus"></div></button><button class="btn product-tile__quick-add-button product-tile__quick-add-button-add js-product-tile__quick-add"><div class="product-tile__quick-add-plus"></div></button></div></div></div><div class="product-tile__product-info"><div class="product-tile__product-name-and-details"><a class="js-producer-link" href="https://www.goodeggs.com/aplat"><div class="product-tile__producer-name">Aplat</div></a><a class="js-product-link" href="https://www.goodeggs.com/sfbay/aplat/single-bottle-wine-and-picnic-tote-blackberry/5fbc388b48d36b000e39f4e4"><h5 class="product-tile__product-name">Single Bottle Wine and Picnic Tote - Blackberry</h5></a></div><div class="product-tile__price-info product-tile-collapsing-row clearfix"><div class="product-tile__purchase-price product-tile-collapsing-row__fixed-right"><div class="split-price"><span class="split-price__dollars">51</span><span class="split-price__cents">99</span></div></div><div class="product-tile__purchase-unit product-tile-collapsing-row__primary-info">1 count</div></div></div></div></div></div></div></div></div><div class="product-tiles"><div class="product-listings-view__subcategory-anchor" id="health-home-paper"></div><h2 class="listings-section-header">Paper Goods</h2><div id="paper-goods" class="section-page"><div class="product-listings-view__section-anchor" id="health-home-paper-paper-goods"></div><div class="page"><div class="grid-items"><div class="grid-item lazyloaded" data-product-id="5bd8b23addee9d000fdff6cb"><div class="product-tile product-tile--compact product-tile--market" data-id="5bd8b23addee9d000fdff6cb"><div class="product-tile__favorite not-favorited"><div><div class="product-tile__favorite-circle"><svg class="product-tile__favorite-heart" viewBox="8.9 7.8 18 16.633654"><path d="m 17.89989,23.433653 c 0.631042,-0.630881 4.233291,-4.23521 6.485296,-6.486896 2.017605,-2.017765 1.974565,-4.958732 0.140161,-6.783217 -1.834405,-1.8249642 -4.800652,-1.8169641 -6.625457,0.0176 -1.824645,-1.8345641 -4.790892,-1.8425642 -6.625297,-0.0176 -1.8344041,1.824485 -1.8772842,4.765452 0.140161,6.783217 2.251845,2.251686 5.854574,5.856015 6.485136,6.486896 l 0,0 z"></path></svg></div></div></div><div class="product-tile__product-visuals"><a href="https://www.goodeggs.com/sfbay/seventhgenerationsfbay/facial-tissue/5bd8b23addee9d000fdff6cb" class="js-product-tile__product-photo-wrapper js-product-photo-link js-product-link" data-alt="Facial Tissue" data-src="https://goodeggs4.imgix.net/7bc2360d-06fd-4774-8b29-91838103ecc3.jpg?w=380&amp;h=238&amp;fm=jpg&amp;auto=compress&amp;fit=crop"><img class="product-tile__product-photo" alt="Facial Tissue" src="./Health &amp; Home _ SF Bay _ Good Eggs_files/7bc2360d-06fd-4774-8b29-91838103ecc3.jpg"></a><div class="product-tile__product-photo-tinter"></div><div class="product-tile__quick-add"><div class="product-tile__quick-add-count is-transparent"><div class="product-tile__quick-add-quantity"><div class="product-tile__quantity-spinner product-tile__quantity-spinner__quantity js-quantity-indicator">1</div><div class="product-tile__quantity-spinner product-tile__quantity-spinner__previous-quantity js-quantity-indicator">1</div></div><div class="product-tile__quick-add-quantity-label"><div class="product-tile__quick-add-quantity-label-result">added</div><div class="product-tile__quick-add-quantity-label-summary">in your basket</div></div><div class="product-tile__quick-add-gift"><i class="icon icon-share-gift"></i></div><div class="product-tile__quick-add-gift-label"><div class="product-tile__quick-add-gift-summary">Gift in your basket</div></div></div><div class="product-tile__quick-add-buttons"><button class="btn product-tile__quick-add-button product-tile__quick-add-button-remove js-product-tile__quick-remove"><div class="product-tile__quick-add-minus"></div></button><button class="btn product-tile__quick-add-button product-tile__quick-add-button-add js-product-tile__quick-add"><div class="product-tile__quick-add-plus"></div></button></div></div></div><div class="product-tile__product-info"><div class="product-tile__product-name-and-details"><a class="js-producer-link" href="https://www.goodeggs.com/seventhgenerationsfbay"><div class="product-tile__producer-name">Seventh Generation</div></a><a class="js-product-link" href="https://www.goodeggs.com/sfbay/seventhgenerationsfbay/facial-tissue/5bd8b23addee9d000fdff6cb"><h5 class="product-tile__product-name">Facial Tissue</h5></a></div><div class="product-tile__price-info product-tile-collapsing-row clearfix"><div class="product-tile__purchase-price product-tile-collapsing-row__fixed-right"><div class="split-price"><span class="split-price__dollars">2</span><span class="split-price__cents">69</span></div></div><div class="product-tile__purchase-unit product-tile-collapsing-row__primary-info">1 count</div></div></div></div></div><div class="grid-item lazyloaded" data-product-id="5fb7184ecfffa7000e2a136e"><div class="product-tile product-tile--compact product-tile--market" data-id="5fb7184ecfffa7000e2a136e"><div class="product-tile__favorite not-favorited"><div><div class="product-tile__favorite-circle"><svg class="product-tile__favorite-heart" viewBox="8.9 7.8 18 16.633654"><path d="m 17.89989,23.433653 c 0.631042,-0.630881 4.233291,-4.23521 6.485296,-6.486896 2.017605,-2.017765 1.974565,-4.958732 0.140161,-6.783217 -1.834405,-1.8249642 -4.800652,-1.8169641 -6.625457,0.0176 -1.824645,-1.8345641 -4.790892,-1.8425642 -6.625297,-0.0176 -1.8344041,1.824485 -1.8772842,4.765452 0.140161,6.783217 2.251845,2.251686 5.854574,5.856015 6.485136,6.486896 l 0,0 z"></path></svg></div></div></div><div class="product-tile__product-visuals"><a href="https://www.goodeggs.com/sfbay/thecheekypanda/tree-free-kitchen-towels/5fb7184ecfffa7000e2a136e" class="js-product-tile__product-photo-wrapper js-product-photo-link js-product-link" data-alt="Tree-Free Kitchen Towels" data-src="https://goodeggs4.imgix.net/878659f8-e13e-49a2-8fe9-e031b8282917.jpg?w=380&amp;h=238&amp;fm=jpg&amp;auto=compress&amp;fit=crop"><img class="product-tile__product-photo" alt="Tree-Free Kitchen Towels" src="./Health &amp; Home _ SF Bay _ Good Eggs_files/878659f8-e13e-49a2-8fe9-e031b8282917.jpg"></a><div class="product-tile__product-photo-tinter"></div><div class="product-tile__quick-add"><div class="product-tile__quick-add-count is-transparent"><div class="product-tile__quick-add-quantity"><div class="product-tile__quantity-spinner product-tile__quantity-spinner__quantity js-quantity-indicator">1</div><div class="product-tile__quantity-spinner product-tile__quantity-spinner__previous-quantity js-quantity-indicator">1</div></div><div class="product-tile__quick-add-quantity-label"><div class="product-tile__quick-add-quantity-label-result">added</div><div class="product-tile__quick-add-quantity-label-summary">in your basket</div></div><div class="product-tile__quick-add-gift"><i class="icon icon-share-gift"></i></div><div class="product-tile__quick-add-gift-label"><div class="product-tile__quick-add-gift-summary">Gift in your basket</div></div></div><div class="product-tile__quick-add-buttons"><button class="btn product-tile__quick-add-button product-tile__quick-add-button-remove js-product-tile__quick-remove"><div class="product-tile__quick-add-minus"></div></button><button class="btn product-tile__quick-add-button product-tile__quick-add-button-add js-product-tile__quick-add"><div class="product-tile__quick-add-plus"></div></button></div></div></div><div class="product-tile__product-info"><div class="product-tile__product-name-and-details"><a class="js-producer-link" href="https://www.goodeggs.com/thecheekypanda"><div class="product-tile__producer-name">The Cheeky Panda</div></a><a class="js-product-link" href="https://www.goodeggs.com/sfbay/thecheekypanda/tree-free-kitchen-towels/5fb7184ecfffa7000e2a136e"><h5 class="product-tile__product-name">Tree-Free Kitchen Towels</h5></a></div><div class="product-tile__price-info product-tile-collapsing-row clearfix"><div class="product-tile__purchase-price product-tile-collapsing-row__fixed-right"><div class="split-price"><span class="split-price__dollars">5</span><span class="split-price__cents">99</span></div></div><div class="product-tile__purchase-unit product-tile-collapsing-row__primary-info">2 count</div></div></div></div></div><div class="grid-item lazyloaded" data-product-id="59385804d14da5000a2612c7"><div class="product-tile product-tile--compact product-tile--market" data-id="59385804d14da5000a2612c7"><div class="product-tile__favorite not-favorited"><div><div class="product-tile__favorite-circle"><svg class="product-tile__favorite-heart" viewBox="8.9 7.8 18 16.633654"><path d="m 17.89989,23.433653 c 0.631042,-0.630881 4.233291,-4.23521 6.485296,-6.486896 2.017605,-2.017765 1.974565,-4.958732 0.140161,-6.783217 -1.834405,-1.8249642 -4.800652,-1.8169641 -6.625457,0.0176 -1.824645,-1.8345641 -4.790892,-1.8425642 -6.625297,-0.0176 -1.8344041,1.824485 -1.8772842,4.765452 0.140161,6.783217 2.251845,2.251686 5.854574,5.856015 6.485136,6.486896 l 0,0 z"></path></svg></div></div></div><div class="product-tile__product-visuals"><a href="https://www.goodeggs.com/sfbay/seventhgenerationsfbay/unbleached-paper-towels/59385804d14da5000a2612c7" class="js-product-tile__product-photo-wrapper js-product-photo-link js-product-link" data-alt="Unbleached Paper Towels" data-src="https://goodeggs4.imgix.net/e3b4ac28-98b9-45a2-acd1-44c9cc63666f.jpg?w=380&amp;h=238&amp;fm=jpg&amp;auto=compress&amp;fit=crop"><img class="product-tile__product-photo" alt="Unbleached Paper Towels" src="./Health &amp; Home _ SF Bay _ Good Eggs_files/e3b4ac28-98b9-45a2-acd1-44c9cc63666f.jpg"></a><div class="product-tile__product-photo-tinter"></div><div class="product-tile__quick-add"><div class="product-tile__quick-add-count is-transparent"><div class="product-tile__quick-add-quantity"><div class="product-tile__quantity-spinner product-tile__quantity-spinner__quantity js-quantity-indicator">1</div><div class="product-tile__quantity-spinner product-tile__quantity-spinner__previous-quantity js-quantity-indicator">1</div></div><div class="product-tile__quick-add-quantity-label"><div class="product-tile__quick-add-quantity-label-result">added</div><div class="product-tile__quick-add-quantity-label-summary">in your basket</div></div><div class="product-tile__quick-add-gift"><i class="icon icon-share-gift"></i></div><div class="product-tile__quick-add-gift-label"><div class="product-tile__quick-add-gift-summary">Gift in your basket</div></div></div><div class="product-tile__quick-add-buttons"><button class="btn product-tile__quick-add-button product-tile__quick-add-button-remove js-product-tile__quick-remove"><div class="product-tile__quick-add-minus"></div></button><button class="btn product-tile__quick-add-button product-tile__quick-add-button-add js-product-tile__quick-add"><div class="product-tile__quick-add-plus"></div></button></div></div></div><div class="product-tile__product-info"><div class="product-tile__product-name-and-details"><a class="js-producer-link" href="https://www.goodeggs.com/seventhgenerationsfbay"><div class="product-tile__producer-name">Seventh Generation</div></a><a class="js-product-link" href="https://www.goodeggs.com/sfbay/seventhgenerationsfbay/unbleached-paper-towels/59385804d14da5000a2612c7"><h5 class="product-tile__product-name">Unbleached Paper Towels</h5></a></div><div class="product-tile__price-info product-tile-collapsing-row clearfix"><div class="product-tile__purchase-price product-tile-collapsing-row__fixed-right"><div class="split-price"><span class="split-price__dollars">2</span><span class="split-price__cents">99</span></div></div><div class="product-tile__purchase-unit product-tile-collapsing-row__primary-info">1 count</div></div></div></div></div><div class="grid-item lazyloaded" data-product-id="593849c4d14da5000a261228"><div class="product-tile product-tile--compact product-tile--market" data-id="593849c4d14da5000a261228"><div class="product-tile__favorite not-favorited"><div><div class="product-tile__favorite-circle"><svg class="product-tile__favorite-heart" viewBox="8.9 7.8 18 16.633654"><path d="m 17.89989,23.433653 c 0.631042,-0.630881 4.233291,-4.23521 6.485296,-6.486896 2.017605,-2.017765 1.974565,-4.958732 0.140161,-6.783217 -1.834405,-1.8249642 -4.800652,-1.8169641 -6.625457,0.0176 -1.824645,-1.8345641 -4.790892,-1.8425642 -6.625297,-0.0176 -1.8344041,1.824485 -1.8772842,4.765452 0.140161,6.783217 2.251845,2.251686 5.854574,5.856015 6.485136,6.486896 l 0,0 z"></path></svg></div></div></div><div class="product-tile__product-visuals"><a href="https://www.goodeggs.com/sfbay/seventhgenerationsfbay/chlorine-free-paper-towels/593849c4d14da5000a261228" class="js-product-tile__product-photo-wrapper js-product-photo-link js-product-link" data-alt="Chlorine-Free Paper Towels" data-src="https://goodeggs4.imgix.net/9876fbe2-2312-4b6e-8e8f-44b3ab2713c5.jpg?w=380&amp;h=238&amp;fm=jpg&amp;auto=compress&amp;fit=crop"><img class="product-tile__product-photo" alt="Chlorine-Free Paper Towels" src="./Health &amp; Home _ SF Bay _ Good Eggs_files/9876fbe2-2312-4b6e-8e8f-44b3ab2713c5.jpg"></a><div class="product-tile__product-photo-tinter"></div><div class="product-tile__quick-add"><div class="product-tile__quick-add-count is-transparent"><div class="product-tile__quick-add-quantity"><div class="product-tile__quantity-spinner product-tile__quantity-spinner__quantity js-quantity-indicator">1</div><div class="product-tile__quantity-spinner product-tile__quantity-spinner__previous-quantity js-quantity-indicator">1</div></div><div class="product-tile__quick-add-quantity-label"><div class="product-tile__quick-add-quantity-label-result">added</div><div class="product-tile__quick-add-quantity-label-summary">in your basket</div></div><div class="product-tile__quick-add-gift"><i class="icon icon-share-gift"></i></div><div class="product-tile__quick-add-gift-label"><div class="product-tile__quick-add-gift-summary">Gift in your basket</div></div></div><div class="product-tile__quick-add-buttons"><button class="btn product-tile__quick-add-button product-tile__quick-add-button-remove js-product-tile__quick-remove"><div class="product-tile__quick-add-minus"></div></button><button class="btn product-tile__quick-add-button product-tile__quick-add-button-add js-product-tile__quick-add"><div class="product-tile__quick-add-plus"></div></button></div></div></div><div class="product-tile__product-info"><div class="product-tile__product-name-and-details"><a class="js-producer-link" href="https://www.goodeggs.com/seventhgenerationsfbay"><div class="product-tile__producer-name">Seventh Generation</div></a><a class="js-product-link" href="https://www.goodeggs.com/sfbay/seventhgenerationsfbay/chlorine-free-paper-towels/593849c4d14da5000a261228"><h5 class="product-tile__product-name">Chlorine-Free Paper Towels</h5></a></div><div class="product-tile__price-info product-tile-collapsing-row clearfix"><div class="product-tile__purchase-price product-tile-collapsing-row__fixed-right"><div class="split-price"><span class="split-price__dollars">2</span><span class="split-price__cents">99</span></div></div><div class="product-tile__purchase-unit product-tile-collapsing-row__primary-info">1 count</div></div></div></div></div><div class="grid-item lazyloaded" data-product-id="5fb718c769835b000efbd41b"><div class="product-tile product-tile--compact product-tile--market" data-id="5fb718c769835b000efbd41b"><div class="product-tile__favorite not-favorited"><div><div class="product-tile__favorite-circle"><svg class="product-tile__favorite-heart" viewBox="8.9 7.8 18 16.633654"><path d="m 17.89989,23.433653 c 0.631042,-0.630881 4.233291,-4.23521 6.485296,-6.486896 2.017605,-2.017765 1.974565,-4.958732 0.140161,-6.783217 -1.834405,-1.8249642 -4.800652,-1.8169641 -6.625457,0.0176 -1.824645,-1.8345641 -4.790892,-1.8425642 -6.625297,-0.0176 -1.8344041,1.824485 -1.8772842,4.765452 0.140161,6.783217 2.251845,2.251686 5.854574,5.856015 6.485136,6.486896 l 0,0 z"></path></svg></div></div></div><div class="product-tile__product-visuals"><a href="https://www.goodeggs.com/sfbay/thecheekypanda/tree-free-tissues/5fb718c769835b000efbd41b" class="js-product-tile__product-photo-wrapper js-product-photo-link js-product-link" data-alt="Tree-Free Tissues" data-src="https://goodeggs4.imgix.net/d6c6ee28-357c-499f-a570-3519ecd0f80a.jpg?w=380&amp;h=238&amp;fm=jpg&amp;auto=compress&amp;fit=crop"><img class="product-tile__product-photo" alt="Tree-Free Tissues" src="./Health &amp; Home _ SF Bay _ Good Eggs_files/d6c6ee28-357c-499f-a570-3519ecd0f80a.jpg"></a><div class="product-tile__product-photo-tinter"></div><div class="product-tile__quick-add"><div class="product-tile__quick-add-count is-transparent"><div class="product-tile__quick-add-quantity"><div class="product-tile__quantity-spinner product-tile__quantity-spinner__quantity js-quantity-indicator">1</div><div class="product-tile__quantity-spinner product-tile__quantity-spinner__previous-quantity js-quantity-indicator">1</div></div><div class="product-tile__quick-add-quantity-label"><div class="product-tile__quick-add-quantity-label-result">added</div><div class="product-tile__quick-add-quantity-label-summary">in your basket</div></div><div class="product-tile__quick-add-gift"><i class="icon icon-share-gift"></i></div><div class="product-tile__quick-add-gift-label"><div class="product-tile__quick-add-gift-summary">Gift in your basket</div></div></div><div class="product-tile__quick-add-buttons"><button class="btn product-tile__quick-add-button product-tile__quick-add-button-remove js-product-tile__quick-remove"><div class="product-tile__quick-add-minus"></div></button><button class="btn product-tile__quick-add-button product-tile__quick-add-button-add js-product-tile__quick-add"><div class="product-tile__quick-add-plus"></div></button></div></div></div><div class="product-tile__product-info"><div class="product-tile__product-name-and-details"><a class="js-producer-link" href="https://www.goodeggs.com/thecheekypanda"><div class="product-tile__producer-name">The Cheeky Panda</div></a><a class="js-product-link" href="https://www.goodeggs.com/sfbay/thecheekypanda/tree-free-tissues/5fb718c769835b000efbd41b"><h5 class="product-tile__product-name">Tree-Free Tissues</h5></a></div><div class="product-tile__price-info product-tile-collapsing-row clearfix"><div class="product-tile__purchase-price product-tile-collapsing-row__fixed-right"><div class="split-price"><span class="split-price__dollars">2</span><span class="split-price__cents">99</span></div></div><div class="product-tile__purchase-unit product-tile-collapsing-row__primary-info">1 count</div></div></div></div></div><div class="grid-item lazyloaded" data-product-id="5fb716a8cfffa7000e2a1364"><div class="product-tile product-tile--compact product-tile--market" data-id="5fb716a8cfffa7000e2a1364"><div class="product-tile__favorite not-favorited"><div><div class="product-tile__favorite-circle"><svg class="product-tile__favorite-heart" viewBox="8.9 7.8 18 16.633654"><path d="m 17.89989,23.433653 c 0.631042,-0.630881 4.233291,-4.23521 6.485296,-6.486896 2.017605,-2.017765 1.974565,-4.958732 0.140161,-6.783217 -1.834405,-1.8249642 -4.800652,-1.8169641 -6.625457,0.0176 -1.824645,-1.8345641 -4.790892,-1.8425642 -6.625297,-0.0176 -1.8344041,1.824485 -1.8772842,4.765452 0.140161,6.783217 2.251845,2.251686 5.854574,5.856015 6.485136,6.486896 l 0,0 z"></path></svg></div></div></div><div class="product-tile__product-visuals"><a href="https://www.goodeggs.com/sfbay/thecheekypanda/tree-free-bathroom-tissue/5fb716a8cfffa7000e2a1364" class="js-product-tile__product-photo-wrapper js-product-photo-link js-product-link" data-alt="Tree-Free Bathroom Tissue" data-src="https://goodeggs4.imgix.net/f8ae1608-3fc1-4fe5-be3c-a87d6f28d8ef.jpg?w=380&amp;h=238&amp;fm=jpg&amp;auto=compress&amp;fit=crop"><img class="product-tile__product-photo" alt="Tree-Free Bathroom Tissue" src="./Health &amp; Home _ SF Bay _ Good Eggs_files/f8ae1608-3fc1-4fe5-be3c-a87d6f28d8ef.jpg"></a><div class="product-tile__product-photo-tinter"></div><div class="product-tile__quick-add"><div class="product-tile__quick-add-count is-transparent"><div class="product-tile__quick-add-quantity"><div class="product-tile__quantity-spinner product-tile__quantity-spinner__quantity js-quantity-indicator">1</div><div class="product-tile__quantity-spinner product-tile__quantity-spinner__previous-quantity js-quantity-indicator">1</div></div><div class="product-tile__quick-add-quantity-label"><div class="product-tile__quick-add-quantity-label-result">added</div><div class="product-tile__quick-add-quantity-label-summary">in your basket</div></div><div class="product-tile__quick-add-gift"><i class="icon icon-share-gift"></i></div><div class="product-tile__quick-add-gift-label"><div class="product-tile__quick-add-gift-summary">Gift in your basket</div></div></div><div class="product-tile__quick-add-buttons"><button class="btn product-tile__quick-add-button product-tile__quick-add-button-remove js-product-tile__quick-remove"><div class="product-tile__quick-add-minus"></div></button><button class="btn product-tile__quick-add-button product-tile__quick-add-button-add js-product-tile__quick-add"><div class="product-tile__quick-add-plus"></div></button></div></div></div><div class="product-tile__product-info"><div class="product-tile__product-name-and-details"><a class="js-producer-link" href="https://www.goodeggs.com/thecheekypanda"><div class="product-tile__producer-name">The Cheeky Panda</div></a><a class="js-product-link" href="https://www.goodeggs.com/sfbay/thecheekypanda/tree-free-bathroom-tissue/5fb716a8cfffa7000e2a1364"><h5 class="product-tile__product-name">Tree-Free Bathroom Tissue</h5></a></div><div class="product-tile__price-info product-tile-collapsing-row clearfix"><div class="product-tile__purchase-price product-tile-collapsing-row__fixed-right"><div class="split-price"><span class="split-price__dollars">8</span><span class="split-price__cents">99</span></div></div><div class="product-tile__purchase-unit product-tile-collapsing-row__primary-info">9 count</div></div></div></div></div><div class="grid-item lazyloaded" data-product-id="5fb7166269835b000efbd3ff"><div class="product-tile product-tile--compact product-tile--market" data-id="5fb7166269835b000efbd3ff"><div class="product-tile__favorite not-favorited"><div><div class="product-tile__favorite-circle"><svg class="product-tile__favorite-heart" viewBox="8.9 7.8 18 16.633654"><path d="m 17.89989,23.433653 c 0.631042,-0.630881 4.233291,-4.23521 6.485296,-6.486896 2.017605,-2.017765 1.974565,-4.958732 0.140161,-6.783217 -1.834405,-1.8249642 -4.800652,-1.8169641 -6.625457,0.0176 -1.824645,-1.8345641 -4.790892,-1.8425642 -6.625297,-0.0176 -1.8344041,1.824485 -1.8772842,4.765452 0.140161,6.783217 2.251845,2.251686 5.854574,5.856015 6.485136,6.486896 l 0,0 z"></path></svg></div></div></div><div class="product-tile__product-visuals"><a href="https://www.goodeggs.com/sfbay/thecheekypanda/tree-free-bathroom-tissue/5fb7166269835b000efbd3ff" class="js-product-tile__product-photo-wrapper js-product-photo-link js-product-link" data-alt="Tree-Free Bathroom Tissue" data-src="https://goodeggs4.imgix.net/cf6c5c3d-835d-4569-937c-9b3823c3a9c7.jpg?w=380&amp;h=238&amp;fm=jpg&amp;auto=compress&amp;fit=crop"><img class="product-tile__product-photo" alt="Tree-Free Bathroom Tissue" src="./Health &amp; Home _ SF Bay _ Good Eggs_files/cf6c5c3d-835d-4569-937c-9b3823c3a9c7.jpg"></a><div class="product-tile__product-photo-tinter"></div><div class="product-tile__quick-add"><div class="product-tile__quick-add-count is-transparent"><div class="product-tile__quick-add-quantity"><div class="product-tile__quantity-spinner product-tile__quantity-spinner__quantity js-quantity-indicator">1</div><div class="product-tile__quantity-spinner product-tile__quantity-spinner__previous-quantity js-quantity-indicator">1</div></div><div class="product-tile__quick-add-quantity-label"><div class="product-tile__quick-add-quantity-label-result">added</div><div class="product-tile__quick-add-quantity-label-summary">in your basket</div></div><div class="product-tile__quick-add-gift"><i class="icon icon-share-gift"></i></div><div class="product-tile__quick-add-gift-label"><div class="product-tile__quick-add-gift-summary">Gift in your basket</div></div></div><div class="product-tile__quick-add-buttons"><button class="btn product-tile__quick-add-button product-tile__quick-add-button-remove js-product-tile__quick-remove"><div class="product-tile__quick-add-minus"></div></button><button class="btn product-tile__quick-add-button product-tile__quick-add-button-add js-product-tile__quick-add"><div class="product-tile__quick-add-plus"></div></button></div></div></div><div class="product-tile__product-info"><div class="product-tile__product-name-and-details"><a class="js-producer-link" href="https://www.goodeggs.com/thecheekypanda"><div class="product-tile__producer-name">The Cheeky Panda</div></a><a class="js-product-link" href="https://www.goodeggs.com/sfbay/thecheekypanda/tree-free-bathroom-tissue/5fb7166269835b000efbd3ff"><h5 class="product-tile__product-name">Tree-Free Bathroom Tissue</h5></a></div><div class="product-tile__price-info product-tile-collapsing-row clearfix"><div class="product-tile__purchase-price product-tile-collapsing-row__fixed-right"><div class="split-price"><span class="split-price__dollars">4</span><span class="split-price__cents">99</span></div></div><div class="product-tile__purchase-unit product-tile-collapsing-row__primary-info">4 count</div></div></div></div></div></div></div></div></div><div class="product-tiles"><div class="product-listings-view__subcategory-anchor" id="health-home-trash"></div><h2 class="listings-section-header">Trash &amp; Compost</h2><div id="trash-compost" class="section-page"><div class="product-listings-view__section-anchor" id="health-home-trash-trash-compost"></div><div class="page"><div class="grid-items"><div class="grid-item lazyloaded" data-product-id="59b6ff7a45ac2c000b303bdb"><div class="product-tile product-tile--compact product-tile--market" data-id="59b6ff7a45ac2c000b303bdb"><div class="product-tile__favorite not-favorited"><div><div class="product-tile__favorite-circle"><svg class="product-tile__favorite-heart" viewBox="8.9 7.8 18 16.633654"><path d="m 17.89989,23.433653 c 0.631042,-0.630881 4.233291,-4.23521 6.485296,-6.486896 2.017605,-2.017765 1.974565,-4.958732 0.140161,-6.783217 -1.834405,-1.8249642 -4.800652,-1.8169641 -6.625457,0.0176 -1.824645,-1.8345641 -4.790892,-1.8425642 -6.625297,-0.0176 -1.8344041,1.824485 -1.8772842,4.765452 0.140161,6.783217 2.251845,2.251686 5.854574,5.856015 6.485136,6.486896 l 0,0 z"></path></svg></div></div></div><div class="product-tile__product-visuals"><a href="https://www.goodeggs.com/sfbay/ecosafesfbay/tall-kitchen-compostable-bags/59b6ff7a45ac2c000b303bdb" class="js-product-tile__product-photo-wrapper js-product-photo-link js-product-link" data-alt="Tall Kitchen Compostable Bags" data-src="https://goodeggs4.imgix.net/bcd9178f-d479-44a4-8484-e4e3854bab02.jpg?w=380&amp;h=238&amp;fm=jpg&amp;auto=compress&amp;fit=crop"><img class="product-tile__product-photo" alt="Tall Kitchen Compostable Bags" src="./Health &amp; Home _ SF Bay _ Good Eggs_files/bcd9178f-d479-44a4-8484-e4e3854bab02.jpg"></a><div class="product-tile__product-photo-tinter"></div><div class="product-tile__quick-add"><div class="product-tile__quick-add-count is-transparent"><div class="product-tile__quick-add-quantity"><div class="product-tile__quantity-spinner product-tile__quantity-spinner__quantity js-quantity-indicator">1</div><div class="product-tile__quantity-spinner product-tile__quantity-spinner__previous-quantity js-quantity-indicator">1</div></div><div class="product-tile__quick-add-quantity-label"><div class="product-tile__quick-add-quantity-label-result">added</div><div class="product-tile__quick-add-quantity-label-summary">in your basket</div></div><div class="product-tile__quick-add-gift"><i class="icon icon-share-gift"></i></div><div class="product-tile__quick-add-gift-label"><div class="product-tile__quick-add-gift-summary">Gift in your basket</div></div></div><div class="product-tile__quick-add-buttons"><button class="btn product-tile__quick-add-button product-tile__quick-add-button-remove js-product-tile__quick-remove"><div class="product-tile__quick-add-minus"></div></button><button class="btn product-tile__quick-add-button product-tile__quick-add-button-add js-product-tile__quick-add"><div class="product-tile__quick-add-plus"></div></button></div></div></div><div class="product-tile__product-info"><div class="product-tile__product-name-and-details"><a class="js-producer-link" href="https://www.goodeggs.com/ecosafesfbay"><div class="product-tile__producer-name">EcoSafe Zero Waste</div></a><a class="js-product-link" href="https://www.goodeggs.com/sfbay/ecosafesfbay/tall-kitchen-compostable-bags/59b6ff7a45ac2c000b303bdb"><h5 class="product-tile__product-name">Tall Kitchen Compostable Bags</h5></a></div><div class="product-tile__price-info product-tile-collapsing-row clearfix"><div class="product-tile__purchase-price product-tile-collapsing-row__fixed-right"><div class="split-price"><span class="split-price__dollars">4</span><span class="split-price__cents">99</span></div></div><div class="product-tile__purchase-unit product-tile-collapsing-row__primary-info">12 count</div></div></div></div></div><div class="grid-item lazyloaded" data-product-id="59b6ff1945ac2c000b303bd0"><div class="product-tile product-tile--compact product-tile--market" data-id="59b6ff1945ac2c000b303bd0"><div class="product-tile__favorite not-favorited"><div><div class="product-tile__favorite-circle"><svg class="product-tile__favorite-heart" viewBox="8.9 7.8 18 16.633654"><path d="m 17.89989,23.433653 c 0.631042,-0.630881 4.233291,-4.23521 6.485296,-6.486896 2.017605,-2.017765 1.974565,-4.958732 0.140161,-6.783217 -1.834405,-1.8249642 -4.800652,-1.8169641 -6.625457,0.0176 -1.824645,-1.8345641 -4.790892,-1.8425642 -6.625297,-0.0176 -1.8344041,1.824485 -1.8772842,4.765452 0.140161,6.783217 2.251845,2.251686 5.854574,5.856015 6.485136,6.486896 l 0,0 z"></path></svg></div></div></div><div class="product-tile__product-visuals"><a href="https://www.goodeggs.com/sfbay/ecosafesfbay/mini-kitchen-compostable-bags/59b6ff1945ac2c000b303bd0" class="js-product-tile__product-photo-wrapper js-product-photo-link js-product-link" data-alt="Mini Kitchen Compostable Bags" data-src="https://goodeggs4.imgix.net/f338654d-4676-4632-b176-45b9d760d2ab.jpg?w=380&amp;h=238&amp;fm=jpg&amp;auto=compress&amp;fit=crop"><img class="product-tile__product-photo" alt="Mini Kitchen Compostable Bags" src="./Health &amp; Home _ SF Bay _ Good Eggs_files/f338654d-4676-4632-b176-45b9d760d2ab.jpg"></a><div class="product-tile__product-photo-tinter"></div><div class="product-tile__quick-add"><div class="product-tile__quick-add-count is-transparent"><div class="product-tile__quick-add-quantity"><div class="product-tile__quantity-spinner product-tile__quantity-spinner__quantity js-quantity-indicator">1</div><div class="product-tile__quantity-spinner product-tile__quantity-spinner__previous-quantity js-quantity-indicator">1</div></div><div class="product-tile__quick-add-quantity-label"><div class="product-tile__quick-add-quantity-label-result">added</div><div class="product-tile__quick-add-quantity-label-summary">in your basket</div></div><div class="product-tile__quick-add-gift"><i class="icon icon-share-gift"></i></div><div class="product-tile__quick-add-gift-label"><div class="product-tile__quick-add-gift-summary">Gift in your basket</div></div></div><div class="product-tile__quick-add-buttons"><button class="btn product-tile__quick-add-button product-tile__quick-add-button-remove js-product-tile__quick-remove"><div class="product-tile__quick-add-minus"></div></button><button class="btn product-tile__quick-add-button product-tile__quick-add-button-add js-product-tile__quick-add"><div class="product-tile__quick-add-plus"></div></button></div></div></div><div class="product-tile__product-info"><div class="product-tile__product-name-and-details"><a class="js-producer-link" href="https://www.goodeggs.com/ecosafesfbay"><div class="product-tile__producer-name">EcoSafe Zero Waste</div></a><a class="js-product-link" href="https://www.goodeggs.com/sfbay/ecosafesfbay/mini-kitchen-compostable-bags/59b6ff1945ac2c000b303bd0"><h5 class="product-tile__product-name">Mini Kitchen Compostable Bags</h5></a></div><div class="product-tile__price-info product-tile-collapsing-row clearfix"><div class="product-tile__purchase-price product-tile-collapsing-row__fixed-right"><div class="split-price"><span class="split-price__dollars">4</span><span class="split-price__cents">99</span></div></div><div class="product-tile__purchase-unit product-tile-collapsing-row__primary-info">30 count</div></div></div></div></div><div class="grid-item lazyloaded" data-product-id="59b701be9e4087000b8cee44"><div class="product-tile product-tile--compact product-tile--market" data-id="59b701be9e4087000b8cee44"><div class="product-tile__favorite not-favorited"><div><div class="product-tile__favorite-circle"><svg class="product-tile__favorite-heart" viewBox="8.9 7.8 18 16.633654"><path d="m 17.89989,23.433653 c 0.631042,-0.630881 4.233291,-4.23521 6.485296,-6.486896 2.017605,-2.017765 1.974565,-4.958732 0.140161,-6.783217 -1.834405,-1.8249642 -4.800652,-1.8169641 -6.625457,0.0176 -1.824645,-1.8345641 -4.790892,-1.8425642 -6.625297,-0.0176 -1.8344041,1.824485 -1.8772842,4.765452 0.140161,6.783217 2.251845,2.251686 5.854574,5.856015 6.485136,6.486896 l 0,0 z"></path></svg></div></div></div><div class="product-tile__product-visuals"><a href="https://www.goodeggs.com/sfbay/ecosafesfbay/bulk-mini-kitchen-compostable-bags/59b701be9e4087000b8cee44" class="js-product-tile__product-photo-wrapper js-product-photo-link js-product-link" data-alt="Bulk Mini Kitchen Compostable Bags" data-src="https://goodeggs4.imgix.net/5e989fac-a4d9-4ca4-b1f3-724b31c0dedd.jpg?w=380&amp;h=238&amp;fm=jpg&amp;auto=compress&amp;fit=crop"><img class="product-tile__product-photo" alt="Bulk Mini Kitchen Compostable Bags" src="./Health &amp; Home _ SF Bay _ Good Eggs_files/5e989fac-a4d9-4ca4-b1f3-724b31c0dedd.jpg"></a><div class="product-tile__product-photo-tinter"></div><div class="product-tile__quick-add"><div class="product-tile__quick-add-count is-transparent"><div class="product-tile__quick-add-quantity"><div class="product-tile__quantity-spinner product-tile__quantity-spinner__quantity js-quantity-indicator">1</div><div class="product-tile__quantity-spinner product-tile__quantity-spinner__previous-quantity js-quantity-indicator">1</div></div><div class="product-tile__quick-add-quantity-label"><div class="product-tile__quick-add-quantity-label-result">added</div><div class="product-tile__quick-add-quantity-label-summary">in your basket</div></div><div class="product-tile__quick-add-gift"><i class="icon icon-share-gift"></i></div><div class="product-tile__quick-add-gift-label"><div class="product-tile__quick-add-gift-summary">Gift in your basket</div></div></div><div class="product-tile__quick-add-buttons"><button class="btn product-tile__quick-add-button product-tile__quick-add-button-remove js-product-tile__quick-remove"><div class="product-tile__quick-add-minus"></div></button><button class="btn product-tile__quick-add-button product-tile__quick-add-button-add js-product-tile__quick-add"><div class="product-tile__quick-add-plus"></div></button></div></div></div><div class="product-tile__product-info"><div class="product-tile__product-name-and-details"><a class="js-producer-link" href="https://www.goodeggs.com/ecosafesfbay"><div class="product-tile__producer-name">EcoSafe Zero Waste</div></a><a class="js-product-link" href="https://www.goodeggs.com/sfbay/ecosafesfbay/bulk-mini-kitchen-compostable-bags/59b701be9e4087000b8cee44"><h5 class="product-tile__product-name">Bulk Mini Kitchen Compostable Bags</h5></a></div><div class="product-tile__price-info product-tile-collapsing-row clearfix"><div class="product-tile__purchase-price product-tile-collapsing-row__fixed-right"><div class="split-price"><span class="split-price__dollars">12</span><span class="split-price__cents">99</span></div></div><div class="product-tile__purchase-unit product-tile-collapsing-row__primary-info">90 count</div></div></div></div></div><div class="grid-item lazyloaded" data-product-id="5c45fe8dd1ecc5000fbea7f3"><div class="product-tile product-tile--compact product-tile--market" data-id="5c45fe8dd1ecc5000fbea7f3"><div class="product-tile__favorite not-favorited"><div><div class="product-tile__favorite-circle"><svg class="product-tile__favorite-heart" viewBox="8.9 7.8 18 16.633654"><path d="m 17.89989,23.433653 c 0.631042,-0.630881 4.233291,-4.23521 6.485296,-6.486896 2.017605,-2.017765 1.974565,-4.958732 0.140161,-6.783217 -1.834405,-1.8249642 -4.800652,-1.8169641 -6.625457,0.0176 -1.824645,-1.8345641 -4.790892,-1.8425642 -6.625297,-0.0176 -1.8344041,1.824485 -1.8772842,4.765452 0.140161,6.783217 2.251845,2.251686 5.854574,5.856015 6.485136,6.486896 l 0,0 z"></path></svg></div></div></div><div class="product-tile__product-visuals"><a href="https://www.goodeggs.com/sfbay/seventhgenerationsfbay/tall-kitchen-trash-bags/5c45fe8dd1ecc5000fbea7f3" class="js-product-tile__product-photo-wrapper js-product-photo-link js-product-link" data-alt="Tall Kitchen Trash Bags" data-src="https://goodeggs4.imgix.net/83cf0b82-5852-4d27-9efb-9347b12fad88.jpg?w=380&amp;h=238&amp;fm=jpg&amp;auto=compress&amp;fit=crop"><img class="product-tile__product-photo" alt="Tall Kitchen Trash Bags" src="./Health &amp; Home _ SF Bay _ Good Eggs_files/83cf0b82-5852-4d27-9efb-9347b12fad88.jpg"></a><div class="product-tile__product-photo-tinter"></div><div class="product-tile__quick-add"><div class="product-tile__quick-add-count is-transparent"><div class="product-tile__quick-add-quantity"><div class="product-tile__quantity-spinner product-tile__quantity-spinner__quantity js-quantity-indicator">1</div><div class="product-tile__quantity-spinner product-tile__quantity-spinner__previous-quantity js-quantity-indicator">1</div></div><div class="product-tile__quick-add-quantity-label"><div class="product-tile__quick-add-quantity-label-result">added</div><div class="product-tile__quick-add-quantity-label-summary">in your basket</div></div><div class="product-tile__quick-add-gift"><i class="icon icon-share-gift"></i></div><div class="product-tile__quick-add-gift-label"><div class="product-tile__quick-add-gift-summary">Gift in your basket</div></div></div><div class="product-tile__quick-add-buttons"><button class="btn product-tile__quick-add-button product-tile__quick-add-button-remove js-product-tile__quick-remove"><div class="product-tile__quick-add-minus"></div></button><button class="btn product-tile__quick-add-button product-tile__quick-add-button-add js-product-tile__quick-add"><div class="product-tile__quick-add-plus"></div></button></div></div></div><div class="product-tile__product-info"><div class="product-tile__product-name-and-details"><a class="js-producer-link" href="https://www.goodeggs.com/seventhgenerationsfbay"><div class="product-tile__producer-name">Seventh Generation</div></a><a class="js-product-link" href="https://www.goodeggs.com/sfbay/seventhgenerationsfbay/tall-kitchen-trash-bags/5c45fe8dd1ecc5000fbea7f3"><h5 class="product-tile__product-name">Tall Kitchen Trash Bags</h5></a></div><div class="product-tile__price-info product-tile-collapsing-row clearfix"><div class="product-tile__purchase-price product-tile-collapsing-row__fixed-right"><div class="split-price"><span class="split-price__dollars">5</span><span class="split-price__cents">99</span></div></div><div class="product-tile__purchase-unit product-tile-collapsing-row__primary-info">20 count</div></div></div></div></div></div></div></div></div><div class="product-tiles"><div class="product-listings-view__subcategory-anchor" id="health-home-hygiene"></div><h2 class="listings-section-header">Personal Care</h2><div id="personal-hygiene" class="section-page"><div class="product-listings-view__section-anchor" id="health-home-hygiene-personal-hygiene"></div><div class="page"><div class="grid-items"><div class="grid-item lazyloaded" data-product-id="598a443195ebf2000bc2f64e"><div class="product-tile product-tile--compact product-tile--market" data-id="598a443195ebf2000bc2f64e"><div class="product-tile__favorite not-favorited"><div><div class="product-tile__favorite-circle"><svg class="product-tile__favorite-heart" viewBox="8.9 7.8 18 16.633654"><path d="m 17.89989,23.433653 c 0.631042,-0.630881 4.233291,-4.23521 6.485296,-6.486896 2.017605,-2.017765 1.974565,-4.958732 0.140161,-6.783217 -1.834405,-1.8249642 -4.800652,-1.8169641 -6.625457,0.0176 -1.824645,-1.8345641 -4.790892,-1.8425642 -6.625297,-0.0176 -1.8344041,1.824485 -1.8772842,4.765452 0.140161,6.783217 2.251845,2.251686 5.854574,5.856015 6.485136,6.486896 l 0,0 z"></path></svg></div></div></div><div class="product-tile__product-visuals"><a href="https://www.goodeggs.com/sfbay/seventhgenerationsfbay/ultra-thin-pads/598a443195ebf2000bc2f64e" class="js-product-tile__product-photo-wrapper js-product-photo-link js-product-link" data-alt="Ultra-Thin Pads" data-src="https://goodeggs4.imgix.net/29933e90-3065-47b0-a281-9cb5184b6471.jpg?w=380&amp;h=238&amp;fm=jpg&amp;auto=compress&amp;fit=crop"><img class="product-tile__product-photo" alt="Ultra-Thin Pads" src="./Health &amp; Home _ SF Bay _ Good Eggs_files/29933e90-3065-47b0-a281-9cb5184b6471.jpg"></a><div class="product-tile__product-photo-tinter"></div><div class="product-tile__quick-add"><div class="product-tile__quick-add-count is-transparent"><div class="product-tile__quick-add-quantity"><div class="product-tile__quantity-spinner product-tile__quantity-spinner__quantity js-quantity-indicator">1</div><div class="product-tile__quantity-spinner product-tile__quantity-spinner__previous-quantity js-quantity-indicator">1</div></div><div class="product-tile__quick-add-quantity-label"><div class="product-tile__quick-add-quantity-label-result">added</div><div class="product-tile__quick-add-quantity-label-summary">in your basket</div></div><div class="product-tile__quick-add-gift"><i class="icon icon-share-gift"></i></div><div class="product-tile__quick-add-gift-label"><div class="product-tile__quick-add-gift-summary">Gift in your basket</div></div></div><div class="product-tile__quick-add-buttons"><button class="btn product-tile__quick-add-button product-tile__quick-add-button-remove js-product-tile__quick-remove"><div class="product-tile__quick-add-minus"></div></button><button class="btn product-tile__quick-add-button product-tile__quick-add-button-add js-product-tile__quick-add"><div class="product-tile__quick-add-plus"></div></button></div></div></div><div class="product-tile__product-info"><div class="product-tile__product-name-and-details"><a class="js-producer-link" href="https://www.goodeggs.com/seventhgenerationsfbay"><div class="product-tile__producer-name">Seventh Generation</div></a><a class="js-product-link" href="https://www.goodeggs.com/sfbay/seventhgenerationsfbay/ultra-thin-pads/598a443195ebf2000bc2f64e"><h5 class="product-tile__product-name">Ultra-Thin Pads</h5></a></div><div class="product-tile__price-info product-tile-collapsing-row clearfix"><div class="product-tile__purchase-price product-tile-collapsing-row__fixed-right"><div class="split-price"><span class="split-price__dollars">4</span><span class="split-price__cents">99</span></div></div><div class="product-tile__purchase-unit product-tile-collapsing-row__primary-info">18 count</div></div></div></div></div><div class="grid-item lazyloaded" data-product-id="598a430b95ebf2000bc2f649"><div class="product-tile product-tile--compact product-tile--market" data-id="598a430b95ebf2000bc2f649"><div class="product-tile__favorite not-favorited"><div><div class="product-tile__favorite-circle"><svg class="product-tile__favorite-heart" viewBox="8.9 7.8 18 16.633654"><path d="m 17.89989,23.433653 c 0.631042,-0.630881 4.233291,-4.23521 6.485296,-6.486896 2.017605,-2.017765 1.974565,-4.958732 0.140161,-6.783217 -1.834405,-1.8249642 -4.800652,-1.8169641 -6.625457,0.0176 -1.824645,-1.8345641 -4.790892,-1.8425642 -6.625297,-0.0176 -1.8344041,1.824485 -1.8772842,4.765452 0.140161,6.783217 2.251845,2.251686 5.854574,5.856015 6.485136,6.486896 l 0,0 z"></path></svg></div></div></div><div class="product-tile__product-visuals"><a href="https://www.goodeggs.com/sfbay/seventhgenerationsfbay/pantiliners/598a430b95ebf2000bc2f649" class="js-product-tile__product-photo-wrapper js-product-photo-link js-product-link" data-alt="Pantiliners" data-src="https://goodeggs4.imgix.net/dac8e5b6-ae64-4d67-9748-3a953fab884e.jpg?w=380&amp;h=238&amp;fm=jpg&amp;auto=compress&amp;fit=crop"><img class="product-tile__product-photo" alt="Pantiliners" src="./Health &amp; Home _ SF Bay _ Good Eggs_files/dac8e5b6-ae64-4d67-9748-3a953fab884e.jpg"></a><div class="product-tile__product-photo-tinter"></div><div class="product-tile__quick-add"><div class="product-tile__quick-add-count is-transparent"><div class="product-tile__quick-add-quantity"><div class="product-tile__quantity-spinner product-tile__quantity-spinner__quantity js-quantity-indicator">1</div><div class="product-tile__quantity-spinner product-tile__quantity-spinner__previous-quantity js-quantity-indicator">1</div></div><div class="product-tile__quick-add-quantity-label"><div class="product-tile__quick-add-quantity-label-result">added</div><div class="product-tile__quick-add-quantity-label-summary">in your basket</div></div><div class="product-tile__quick-add-gift"><i class="icon icon-share-gift"></i></div><div class="product-tile__quick-add-gift-label"><div class="product-tile__quick-add-gift-summary">Gift in your basket</div></div></div><div class="product-tile__quick-add-buttons"><button class="btn product-tile__quick-add-button product-tile__quick-add-button-remove js-product-tile__quick-remove"><div class="product-tile__quick-add-minus"></div></button><button class="btn product-tile__quick-add-button product-tile__quick-add-button-add js-product-tile__quick-add"><div class="product-tile__quick-add-plus"></div></button></div></div></div><div class="product-tile__product-info"><div class="product-tile__product-name-and-details"><a class="js-producer-link" href="https://www.goodeggs.com/seventhgenerationsfbay"><div class="product-tile__producer-name">Seventh Generation</div></a><a class="js-product-link" href="https://www.goodeggs.com/sfbay/seventhgenerationsfbay/pantiliners/598a430b95ebf2000bc2f649"><h5 class="product-tile__product-name">Pantiliners</h5></a></div><div class="product-tile__price-info product-tile-collapsing-row clearfix"><div class="product-tile__purchase-price product-tile-collapsing-row__fixed-right"><div class="split-price"><span class="split-price__dollars">4</span><span class="split-price__cents">99</span></div></div><div class="product-tile__purchase-unit product-tile-collapsing-row__primary-info">50 count</div></div></div></div></div></div></div></div></div><div class="product-tiles"><div class="product-listings-view__subcategory-anchor" id="health-home-wellness"></div><h2 class="listings-section-header">Wellness</h2><div id="protein-energy-bars" class="section-page"><div class="product-listings-view__section-anchor" id="health-home-wellness-protein-energy-bars"></div><h3 class="listings-section-header">Protein &amp; Energy Bars</h3><div class="page"><div class="grid-items"><div class="grid-item lazyloaded" data-product-id="5b35bdf9ee41d0000f529d54"><div class="product-tile product-tile--compact product-tile--market" data-id="5b35bdf9ee41d0000f529d54"><div class="product-tile__favorite not-favorited"><div><div class="product-tile__favorite-circle"><svg class="product-tile__favorite-heart" viewBox="8.9 7.8 18 16.633654"><path d="m 17.89989,23.433653 c 0.631042,-0.630881 4.233291,-4.23521 6.485296,-6.486896 2.017605,-2.017765 1.974565,-4.958732 0.140161,-6.783217 -1.834405,-1.8249642 -4.800652,-1.8169641 -6.625457,0.0176 -1.824645,-1.8345641 -4.790892,-1.8425642 -6.625297,-0.0176 -1.8344041,1.824485 -1.8772842,4.765452 0.140161,6.783217 2.251845,2.251686 5.854574,5.856015 6.485136,6.486896 l 0,0 z"></path></svg></div></div></div><div class="product-tile__product-visuals"><a href="https://www.goodeggs.com/sfbay/clifbarsfbay/case-of-chocolate-peanut-butter-builders-bars/5b35bdf9ee41d0000f529d54" class="js-product-tile__product-photo-wrapper js-product-photo-link js-product-link" data-alt="Case of Chocolate Peanut Butter Builder&#39;s Bars" data-src="https://goodeggs4.imgix.net/7db2f452-582b-471d-8fa4-1cf18f594f75.jpg?w=380&amp;h=238&amp;fm=jpg&amp;auto=compress&amp;fit=crop"><img class="product-tile__product-photo" alt="Case of Chocolate Peanut Butter Builder&#39;s Bars" src="./Health &amp; Home _ SF Bay _ Good Eggs_files/7db2f452-582b-471d-8fa4-1cf18f594f75.jpg"></a><div class="product-tile__product-photo-tinter"></div><div class="product-tile__quick-add"><div class="product-tile__quick-add-count is-transparent"><div class="product-tile__quick-add-quantity"><div class="product-tile__quantity-spinner product-tile__quantity-spinner__quantity js-quantity-indicator">1</div><div class="product-tile__quantity-spinner product-tile__quantity-spinner__previous-quantity js-quantity-indicator">1</div></div><div class="product-tile__quick-add-quantity-label"><div class="product-tile__quick-add-quantity-label-result">added</div><div class="product-tile__quick-add-quantity-label-summary">in your basket</div></div><div class="product-tile__quick-add-gift"><i class="icon icon-share-gift"></i></div><div class="product-tile__quick-add-gift-label"><div class="product-tile__quick-add-gift-summary">Gift in your basket</div></div></div><div class="product-tile__quick-add-buttons"><button class="btn product-tile__quick-add-button product-tile__quick-add-button-remove js-product-tile__quick-remove"><div class="product-tile__quick-add-minus"></div></button><button class="btn product-tile__quick-add-button product-tile__quick-add-button-add js-product-tile__quick-add"><div class="product-tile__quick-add-plus"></div></button></div></div></div><div class="product-tile__product-info"><div class="product-tile__product-name-and-details"><a class="js-producer-link" href="https://www.goodeggs.com/clifbarsfbay"><div class="product-tile__producer-name">Clif Bar</div></a><a class="js-product-link" href="https://www.goodeggs.com/sfbay/clifbarsfbay/case-of-chocolate-peanut-butter-builders-bars/5b35bdf9ee41d0000f529d54"><h5 class="product-tile__product-name">Case of Chocolate Peanut Butter Builder's Bars</h5></a></div><div class="product-tile__price-info product-tile-collapsing-row clearfix"><div class="product-tile__purchase-price product-tile-collapsing-row__fixed-right"><div class="split-price"><span class="split-price__dollars">11</span><span class="split-price__cents">49</span></div></div><div class="product-tile__comparison-price product-tile-collapsing-row__secondary-info"><span class="price-per">$0.79 </span>/ <span class="per-unit">oz</span></div><div class="product-tile__purchase-unit product-tile-collapsing-row__primary-info">6 count</div></div></div></div></div><div class="grid-item lazyloaded" data-product-id="5ab2ebaaadda67000ce03bcd"><div class="product-tile product-tile--compact product-tile--market" data-id="5ab2ebaaadda67000ce03bcd"><div class="product-tile__favorite not-favorited"><div><div class="product-tile__favorite-circle"><svg class="product-tile__favorite-heart" viewBox="8.9 7.8 18 16.633654"><path d="m 17.89989,23.433653 c 0.631042,-0.630881 4.233291,-4.23521 6.485296,-6.486896 2.017605,-2.017765 1.974565,-4.958732 0.140161,-6.783217 -1.834405,-1.8249642 -4.800652,-1.8169641 -6.625457,0.0176 -1.824645,-1.8345641 -4.790892,-1.8425642 -6.625297,-0.0176 -1.8344041,1.824485 -1.8772842,4.765452 0.140161,6.783217 2.251845,2.251686 5.854574,5.856015 6.485136,6.486896 l 0,0 z"></path></svg></div></div></div><div class="product-tile__product-visuals"><a href="https://www.goodeggs.com/sfbay/clifbarsfbay/chocolate-peanut-butter-builders-bar/5ab2ebaaadda67000ce03bcd" class="js-product-tile__product-photo-wrapper js-product-photo-link js-product-link" data-alt="Chocolate Peanut Butter Builder&#39;s Bar" data-src="https://goodeggs4.imgix.net/495e4414-0ee5-4091-bfc4-504744cb20ee.jpg?w=380&amp;h=238&amp;fm=jpg&amp;auto=compress&amp;fit=crop"><img class="product-tile__product-photo" alt="Chocolate Peanut Butter Builder&#39;s Bar" src="./Health &amp; Home _ SF Bay _ Good Eggs_files/495e4414-0ee5-4091-bfc4-504744cb20ee.jpg"></a><div class="product-tile__product-photo-tinter"></div><div class="product-tile__quick-add"><div class="product-tile__quick-add-count is-transparent"><div class="product-tile__quick-add-quantity"><div class="product-tile__quantity-spinner product-tile__quantity-spinner__quantity js-quantity-indicator">1</div><div class="product-tile__quantity-spinner product-tile__quantity-spinner__previous-quantity js-quantity-indicator">1</div></div><div class="product-tile__quick-add-quantity-label"><div class="product-tile__quick-add-quantity-label-result">added</div><div class="product-tile__quick-add-quantity-label-summary">in your basket</div></div><div class="product-tile__quick-add-gift"><i class="icon icon-share-gift"></i></div><div class="product-tile__quick-add-gift-label"><div class="product-tile__quick-add-gift-summary">Gift in your basket</div></div></div><div class="product-tile__quick-add-buttons"><button class="btn product-tile__quick-add-button product-tile__quick-add-button-remove js-product-tile__quick-remove"><div class="product-tile__quick-add-minus"></div></button><button class="btn product-tile__quick-add-button product-tile__quick-add-button-add js-product-tile__quick-add"><div class="product-tile__quick-add-plus"></div></button></div></div></div><div class="product-tile__product-info"><div class="product-tile__product-name-and-details"><a class="js-producer-link" href="https://www.goodeggs.com/clifbarsfbay"><div class="product-tile__producer-name">Clif Bar</div></a><a class="js-product-link" href="https://www.goodeggs.com/sfbay/clifbarsfbay/chocolate-peanut-butter-builders-bar/5ab2ebaaadda67000ce03bcd"><h5 class="product-tile__product-name">Chocolate Peanut Butter Builder's Bar</h5></a></div><div class="product-tile__price-info product-tile-collapsing-row clearfix"><div class="product-tile__purchase-price product-tile-collapsing-row__fixed-right"><div class="split-price"><span class="split-price__dollars">2</span><span class="split-price__cents">29</span></div></div><div class="product-tile__comparison-price product-tile-collapsing-row__secondary-info"><span class="price-per">$0.95 </span>/ <span class="per-unit">oz</span></div><div class="product-tile__purchase-unit product-tile-collapsing-row__primary-info">2.4 oz</div></div></div></div></div><div class="grid-item lazyloaded" data-product-id="5eacabd42df849000e68ec32"><div class="product-tile product-tile--compact product-tile--market" data-id="5eacabd42df849000e68ec32"><div class="product-tile__favorite not-favorited"><div><div class="product-tile__favorite-circle"><svg class="product-tile__favorite-heart" viewBox="8.9 7.8 18 16.633654"><path d="m 17.89989,23.433653 c 0.631042,-0.630881 4.233291,-4.23521 6.485296,-6.486896 2.017605,-2.017765 1.974565,-4.958732 0.140161,-6.783217 -1.834405,-1.8249642 -4.800652,-1.8169641 -6.625457,0.0176 -1.824645,-1.8345641 -4.790892,-1.8425642 -6.625297,-0.0176 -1.8344041,1.824485 -1.8772842,4.765452 0.140161,6.783217 2.251845,2.251686 5.854574,5.856015 6.485136,6.486896 l 0,0 z"></path></svg></div></div></div><div class="product-tile__product-visuals"><a href="https://www.goodeggs.com/sfbay/aloha/chocolate-mint-protein-bar/5eacabd42df849000e68ec32" class="js-product-tile__product-photo-wrapper js-product-photo-link js-product-link" data-alt="Chocolate Mint Protein Bar" data-src="https://goodeggs4.imgix.net/7e2b19f7-987c-47c0-9f7e-6d65aa2ee3ec.jpg?w=380&amp;h=238&amp;fm=jpg&amp;auto=compress&amp;fit=crop"><img class="product-tile__product-photo" alt="Chocolate Mint Protein Bar" src="./Health &amp; Home _ SF Bay _ Good Eggs_files/7e2b19f7-987c-47c0-9f7e-6d65aa2ee3ec.jpg"></a><div class="product-tile__product-photo-tinter"></div><div class="product-tile__quick-add"><div class="product-tile__quick-add-count is-transparent"><div class="product-tile__quick-add-quantity"><div class="product-tile__quantity-spinner product-tile__quantity-spinner__quantity js-quantity-indicator">1</div><div class="product-tile__quantity-spinner product-tile__quantity-spinner__previous-quantity js-quantity-indicator">1</div></div><div class="product-tile__quick-add-quantity-label"><div class="product-tile__quick-add-quantity-label-result">added</div><div class="product-tile__quick-add-quantity-label-summary">in your basket</div></div><div class="product-tile__quick-add-gift"><i class="icon icon-share-gift"></i></div><div class="product-tile__quick-add-gift-label"><div class="product-tile__quick-add-gift-summary">Gift in your basket</div></div></div><div class="product-tile__quick-add-buttons"><button class="btn product-tile__quick-add-button product-tile__quick-add-button-remove js-product-tile__quick-remove"><div class="product-tile__quick-add-minus"></div></button><button class="btn product-tile__quick-add-button product-tile__quick-add-button-add js-product-tile__quick-add"><div class="product-tile__quick-add-plus"></div></button></div></div></div><div class="product-tile__product-info"><div class="product-tile__product-name-and-details"><a class="js-producer-link" href="https://www.goodeggs.com/aloha"><div class="product-tile__producer-name">Aloha </div></a><a class="js-product-link" href="https://www.goodeggs.com/sfbay/aloha/chocolate-mint-protein-bar/5eacabd42df849000e68ec32"><h5 class="product-tile__product-name">Chocolate Mint Protein Bar</h5></a></div><div class="product-tile__price-info product-tile-collapsing-row clearfix"><div class="product-tile__purchase-price product-tile-collapsing-row__fixed-right"><div class="split-price"><span class="split-price__dollars">2</span><span class="split-price__cents">79</span></div></div><div class="product-tile__purchase-unit product-tile-collapsing-row__primary-info">1 count</div></div></div></div></div><div class="grid-item lazyloaded" data-product-id="5eacac02ed6043000e7a90e2"><div class="product-tile product-tile--compact product-tile--market" data-id="5eacac02ed6043000e7a90e2"><div class="product-tile__favorite not-favorited"><div><div class="product-tile__favorite-circle"><svg class="product-tile__favorite-heart" viewBox="8.9 7.8 18 16.633654"><path d="m 17.89989,23.433653 c 0.631042,-0.630881 4.233291,-4.23521 6.485296,-6.486896 2.017605,-2.017765 1.974565,-4.958732 0.140161,-6.783217 -1.834405,-1.8249642 -4.800652,-1.8169641 -6.625457,0.0176 -1.824645,-1.8345641 -4.790892,-1.8425642 -6.625297,-0.0176 -1.8344041,1.824485 -1.8772842,4.765452 0.140161,6.783217 2.251845,2.251686 5.854574,5.856015 6.485136,6.486896 l 0,0 z"></path></svg></div></div></div><div class="product-tile__product-visuals"><a href="https://www.goodeggs.com/sfbay/aloha/chocolate-chip-cookie-dough-protein-bar/5eacac02ed6043000e7a90e2" class="js-product-tile__product-photo-wrapper js-product-photo-link js-product-link" data-alt="Chocolate Chip Cookie Dough Protein Bar" data-src="https://goodeggs4.imgix.net/a639396c-8d0b-496f-98ec-704f20c4347b.jpg?w=380&amp;h=238&amp;fm=jpg&amp;auto=compress&amp;fit=crop"><img class="product-tile__product-photo" alt="Chocolate Chip Cookie Dough Protein Bar" src="./Health &amp; Home _ SF Bay _ Good Eggs_files/a639396c-8d0b-496f-98ec-704f20c4347b.jpg"></a><div class="product-tile__product-photo-tinter"></div><div class="product-tile__quick-add"><div class="product-tile__quick-add-count is-transparent"><div class="product-tile__quick-add-quantity"><div class="product-tile__quantity-spinner product-tile__quantity-spinner__quantity js-quantity-indicator">1</div><div class="product-tile__quantity-spinner product-tile__quantity-spinner__previous-quantity js-quantity-indicator">1</div></div><div class="product-tile__quick-add-quantity-label"><div class="product-tile__quick-add-quantity-label-result">added</div><div class="product-tile__quick-add-quantity-label-summary">in your basket</div></div><div class="product-tile__quick-add-gift"><i class="icon icon-share-gift"></i></div><div class="product-tile__quick-add-gift-label"><div class="product-tile__quick-add-gift-summary">Gift in your basket</div></div></div><div class="product-tile__quick-add-buttons"><button class="btn product-tile__quick-add-button product-tile__quick-add-button-remove js-product-tile__quick-remove"><div class="product-tile__quick-add-minus"></div></button><button class="btn product-tile__quick-add-button product-tile__quick-add-button-add js-product-tile__quick-add"><div class="product-tile__quick-add-plus"></div></button></div></div></div><div class="product-tile__product-info"><div class="product-tile__product-name-and-details"><a class="js-producer-link" href="https://www.goodeggs.com/aloha"><div class="product-tile__producer-name">Aloha </div></a><a class="js-product-link" href="https://www.goodeggs.com/sfbay/aloha/chocolate-chip-cookie-dough-protein-bar/5eacac02ed6043000e7a90e2"><h5 class="product-tile__product-name">Chocolate Chip Cookie Dough Protein Bar</h5></a></div><div class="product-tile__price-info product-tile-collapsing-row clearfix"><div class="product-tile__purchase-price product-tile-collapsing-row__fixed-right"><div class="split-price"><span class="split-price__dollars">2</span><span class="split-price__cents">79</span></div></div><div class="product-tile__purchase-unit product-tile-collapsing-row__primary-info">1 count</div></div></div></div></div><div class="grid-item lazyloaded" data-product-id="5eacab382df849000e68ec19"><div class="product-tile product-tile--compact product-tile--market" data-id="5eacab382df849000e68ec19"><div class="product-tile__favorite not-favorited"><div><div class="product-tile__favorite-circle"><svg class="product-tile__favorite-heart" viewBox="8.9 7.8 18 16.633654"><path d="m 17.89989,23.433653 c 0.631042,-0.630881 4.233291,-4.23521 6.485296,-6.486896 2.017605,-2.017765 1.974565,-4.958732 0.140161,-6.783217 -1.834405,-1.8249642 -4.800652,-1.8169641 -6.625457,0.0176 -1.824645,-1.8345641 -4.790892,-1.8425642 -6.625297,-0.0176 -1.8344041,1.824485 -1.8772842,4.765452 0.140161,6.783217 2.251845,2.251686 5.854574,5.856015 6.485136,6.486896 l 0,0 z"></path></svg></div></div></div><div class="product-tile__product-visuals"><a href="https://www.goodeggs.com/sfbay/aloha/peanut-butter-chocolate-chip-protein-bar/5eacab382df849000e68ec19" class="js-product-tile__product-photo-wrapper js-product-photo-link js-product-link" data-alt="Peanut Butter Chocolate Chip Protein Bar" data-src="https://goodeggs4.imgix.net/bf064504-5b4e-4c9e-912a-5b41bbbbd349.jpg?w=380&amp;h=238&amp;fm=jpg&amp;auto=compress&amp;fit=crop"><img class="product-tile__product-photo" alt="Peanut Butter Chocolate Chip Protein Bar" src="./Health &amp; Home _ SF Bay _ Good Eggs_files/bf064504-5b4e-4c9e-912a-5b41bbbbd349.jpg"></a><div class="product-tile__product-photo-tinter"></div><div class="product-tile__quick-add"><div class="product-tile__quick-add-count is-transparent"><div class="product-tile__quick-add-quantity"><div class="product-tile__quantity-spinner product-tile__quantity-spinner__quantity js-quantity-indicator">1</div><div class="product-tile__quantity-spinner product-tile__quantity-spinner__previous-quantity js-quantity-indicator">1</div></div><div class="product-tile__quick-add-quantity-label"><div class="product-tile__quick-add-quantity-label-result">added</div><div class="product-tile__quick-add-quantity-label-summary">in your basket</div></div><div class="product-tile__quick-add-gift"><i class="icon icon-share-gift"></i></div><div class="product-tile__quick-add-gift-label"><div class="product-tile__quick-add-gift-summary">Gift in your basket</div></div></div><div class="product-tile__quick-add-buttons"><button class="btn product-tile__quick-add-button product-tile__quick-add-button-remove js-product-tile__quick-remove"><div class="product-tile__quick-add-minus"></div></button><button class="btn product-tile__quick-add-button product-tile__quick-add-button-add js-product-tile__quick-add"><div class="product-tile__quick-add-plus"></div></button></div></div></div><div class="product-tile__product-info"><div class="product-tile__product-name-and-details"><a class="js-producer-link" href="https://www.goodeggs.com/aloha"><div class="product-tile__producer-name">Aloha </div></a><a class="js-product-link" href="https://www.goodeggs.com/sfbay/aloha/peanut-butter-chocolate-chip-protein-bar/5eacab382df849000e68ec19"><h5 class="product-tile__product-name">Peanut Butter Chocolate Chip Protein Bar</h5></a></div><div class="product-tile__price-info product-tile-collapsing-row clearfix"><div class="product-tile__purchase-price product-tile-collapsing-row__fixed-right"><div class="split-price"><span class="split-price__dollars">2</span><span class="split-price__cents">79</span></div></div><div class="product-tile__purchase-unit product-tile-collapsing-row__primary-info">1 count</div></div></div></div></div><div class="grid-item lazyloaded" data-product-id="5876b8db55feea000a80d555"><div class="product-tile product-tile--compact product-tile--market" data-id="5876b8db55feea000a80d555"><div class="product-tile__favorite not-favorited"><div><div class="product-tile__favorite-circle"><svg class="product-tile__favorite-heart" viewBox="8.9 7.8 18 16.633654"><path d="m 17.89989,23.433653 c 0.631042,-0.630881 4.233291,-4.23521 6.485296,-6.486896 2.017605,-2.017765 1.974565,-4.958732 0.140161,-6.783217 -1.834405,-1.8249642 -4.800652,-1.8169641 -6.625457,0.0176 -1.824645,-1.8345641 -4.790892,-1.8425642 -6.625297,-0.0176 -1.8344041,1.824485 -1.8772842,4.765452 0.140161,6.783217 2.251845,2.251686 5.854574,5.856015 6.485136,6.486896 l 0,0 z"></path></svg></div></div></div><div class="product-tile__product-visuals"><a href="https://www.goodeggs.com/sfbay/perfectbarsfbay/case-of-almond-butter-bars/5876b8db55feea000a80d555" class="js-product-tile__product-photo-wrapper js-product-photo-link js-product-link" data-alt="Case of Almond Butter Bars" data-src="https://goodeggs4.imgix.net/8dd0dcf0-b413-43f6-a115-37001c6f13fd.jpg?w=380&amp;h=238&amp;fm=jpg&amp;auto=compress&amp;fit=crop"><img class="product-tile__product-photo" alt="Case of Almond Butter Bars" src="./Health &amp; Home _ SF Bay _ Good Eggs_files/8dd0dcf0-b413-43f6-a115-37001c6f13fd.jpg"></a><div class="product-tile__product-photo-tinter"></div><div class="product-tile__quick-add"><div class="product-tile__quick-add-count is-transparent"><div class="product-tile__quick-add-quantity"><div class="product-tile__quantity-spinner product-tile__quantity-spinner__quantity js-quantity-indicator">1</div><div class="product-tile__quantity-spinner product-tile__quantity-spinner__previous-quantity js-quantity-indicator">1</div></div><div class="product-tile__quick-add-quantity-label"><div class="product-tile__quick-add-quantity-label-result">added</div><div class="product-tile__quick-add-quantity-label-summary">in your basket</div></div><div class="product-tile__quick-add-gift"><i class="icon icon-share-gift"></i></div><div class="product-tile__quick-add-gift-label"><div class="product-tile__quick-add-gift-summary">Gift in your basket</div></div></div><div class="product-tile__quick-add-buttons"><button class="btn product-tile__quick-add-button product-tile__quick-add-button-remove js-product-tile__quick-remove"><div class="product-tile__quick-add-minus"></div></button><button class="btn product-tile__quick-add-button product-tile__quick-add-button-add js-product-tile__quick-add"><div class="product-tile__quick-add-plus"></div></button></div></div></div><div class="product-tile__product-info"><div class="product-tile__product-name-and-details"><a class="js-producer-link" href="https://www.goodeggs.com/perfectbarsfbay"><div class="product-tile__producer-name">Perfect Bar</div></a><a class="js-product-link" href="https://www.goodeggs.com/sfbay/perfectbarsfbay/case-of-almond-butter-bars/5876b8db55feea000a80d555"><h5 class="product-tile__product-name">Case of Almond Butter Bars</h5></a></div><div class="product-tile__price-info product-tile-collapsing-row clearfix"><div class="product-tile__purchase-price product-tile-collapsing-row__fixed-right"><div class="split-price"><span class="split-price__dollars">22</span><span class="split-price__cents">99</span></div></div><div class="product-tile__comparison-price product-tile-collapsing-row__secondary-info"><span class="price-per">$1.24 </span>/ <span class="per-unit">oz</span></div><div class="product-tile__purchase-unit product-tile-collapsing-row__primary-info">8 count</div></div></div></div></div></div></div></div><div id="functional-blends" class="section-page"><div class="product-listings-view__section-anchor" id="health-home-wellness-functional-blends"></div><h3 class="listings-section-header">Blends &amp; Boosts</h3><div class="page"><div class="grid-items"><div class="grid-item lazyloaded" data-product-id="574390a929bc1c03005f83a9"><div class="product-tile product-tile--compact product-tile--market" data-id="574390a929bc1c03005f83a9"><div class="product-tile__favorite not-favorited"><div><div class="product-tile__favorite-circle"><svg class="product-tile__favorite-heart" viewBox="8.9 7.8 18 16.633654"><path d="m 17.89989,23.433653 c 0.631042,-0.630881 4.233291,-4.23521 6.485296,-6.486896 2.017605,-2.017765 1.974565,-4.958732 0.140161,-6.783217 -1.834405,-1.8249642 -4.800652,-1.8169641 -6.625457,0.0176 -1.824645,-1.8345641 -4.790892,-1.8425642 -6.625297,-0.0176 -1.8344041,1.824485 -1.8772842,4.765452 0.140161,6.783217 2.251845,2.251686 5.854574,5.856015 6.485136,6.486896 l 0,0 z"></path></svg></div></div></div><div class="product-tile__product-visuals"><a href="https://www.goodeggs.com/sfbay/edisongrainerysfbay/organic-black-chia-seeds/574390a929bc1c03005f83a9" class="js-product-tile__product-photo-wrapper js-product-photo-link js-product-link" data-alt="Organic Black Chia Seeds" data-src="https://goodeggs4.imgix.net/8814c846-77ac-4411-9a98-7c146d1461d4.jpg?w=380&amp;h=238&amp;fm=jpg&amp;auto=compress&amp;fit=crop"><img class="product-tile__product-photo" alt="Organic Black Chia Seeds" src="./Health &amp; Home _ SF Bay _ Good Eggs_files/8814c846-77ac-4411-9a98-7c146d1461d4.jpg"></a><div class="product-tile__product-photo-tinter"></div><div class="product-tile__quick-add"><div class="product-tile__quick-add-count is-transparent"><div class="product-tile__quick-add-quantity"><div class="product-tile__quantity-spinner product-tile__quantity-spinner__quantity js-quantity-indicator">1</div><div class="product-tile__quantity-spinner product-tile__quantity-spinner__previous-quantity js-quantity-indicator">1</div></div><div class="product-tile__quick-add-quantity-label"><div class="product-tile__quick-add-quantity-label-result">added</div><div class="product-tile__quick-add-quantity-label-summary">in your basket</div></div><div class="product-tile__quick-add-gift"><i class="icon icon-share-gift"></i></div><div class="product-tile__quick-add-gift-label"><div class="product-tile__quick-add-gift-summary">Gift in your basket</div></div></div><div class="product-tile__quick-add-buttons"><button class="btn product-tile__quick-add-button product-tile__quick-add-button-remove js-product-tile__quick-remove"><div class="product-tile__quick-add-minus"></div></button><button class="btn product-tile__quick-add-button product-tile__quick-add-button-add js-product-tile__quick-add"><div class="product-tile__quick-add-plus"></div></button></div></div></div><div class="product-tile__product-info"><div class="product-tile__product-name-and-details"><a class="js-producer-link" href="https://www.goodeggs.com/edisongrainerysfbay"><div class="product-tile__producer-name">Edison Grainery</div></a><a class="js-product-link" href="https://www.goodeggs.com/sfbay/edisongrainerysfbay/organic-black-chia-seeds/574390a929bc1c03005f83a9"><h5 class="product-tile__product-name">Organic Black Chia Seeds</h5></a></div><div class="product-tile__price-info product-tile-collapsing-row clearfix"><div class="product-tile__purchase-price product-tile-collapsing-row__fixed-right"><div class="split-price"><span class="split-price__dollars">7</span><span class="split-price__cents">99</span></div></div><div class="product-tile__comparison-price product-tile-collapsing-row__secondary-info"><span class="price-per">$7.99 </span>/ <span class="per-unit">lb</span></div><div class="product-tile__purchase-unit product-tile-collapsing-row__primary-info">16 oz</div></div></div></div></div><div class="grid-item lazyloaded" data-product-id="5a46da667decb4000bd2bf2a"><div class="product-tile product-tile--compact product-tile--market" data-id="5a46da667decb4000bd2bf2a"><div class="product-tile__favorite not-favorited"><div><div class="product-tile__favorite-circle"><svg class="product-tile__favorite-heart" viewBox="8.9 7.8 18 16.633654"><path d="m 17.89989,23.433653 c 0.631042,-0.630881 4.233291,-4.23521 6.485296,-6.486896 2.017605,-2.017765 1.974565,-4.958732 0.140161,-6.783217 -1.834405,-1.8249642 -4.800652,-1.8169641 -6.625457,0.0176 -1.824645,-1.8345641 -4.790892,-1.8425642 -6.625297,-0.0176 -1.8344041,1.824485 -1.8772842,4.765452 0.140161,6.783217 2.251845,2.251686 5.854574,5.856015 6.485136,6.486896 l 0,0 z"></path></svg></div></div></div><div class="product-tile__product-visuals"><a href="https://www.goodeggs.com/sfbay/navitasorganicssfbay/organic-chia-seeds/5a46da667decb4000bd2bf2a" class="js-product-tile__product-photo-wrapper js-product-photo-link js-product-link" data-alt="Organic Chia Seeds" data-src="https://goodeggs4.imgix.net/cf0f660d-cf2d-4146-a24c-bfd4dc0f8964.jpg?w=380&amp;h=238&amp;fm=jpg&amp;auto=compress&amp;fit=crop"><img class="product-tile__product-photo" alt="Organic Chia Seeds" src="./Health &amp; Home _ SF Bay _ Good Eggs_files/cf0f660d-cf2d-4146-a24c-bfd4dc0f8964.jpg"></a><div class="product-tile__product-photo-tinter"></div><div class="product-tile__quick-add"><div class="product-tile__quick-add-count is-transparent"><div class="product-tile__quick-add-quantity"><div class="product-tile__quantity-spinner product-tile__quantity-spinner__quantity js-quantity-indicator">1</div><div class="product-tile__quantity-spinner product-tile__quantity-spinner__previous-quantity js-quantity-indicator">1</div></div><div class="product-tile__quick-add-quantity-label"><div class="product-tile__quick-add-quantity-label-result">added</div><div class="product-tile__quick-add-quantity-label-summary">in your basket</div></div><div class="product-tile__quick-add-gift"><i class="icon icon-share-gift"></i></div><div class="product-tile__quick-add-gift-label"><div class="product-tile__quick-add-gift-summary">Gift in your basket</div></div></div><div class="product-tile__quick-add-buttons"><button class="btn product-tile__quick-add-button product-tile__quick-add-button-remove js-product-tile__quick-remove"><div class="product-tile__quick-add-minus"></div></button><button class="btn product-tile__quick-add-button product-tile__quick-add-button-add js-product-tile__quick-add"><div class="product-tile__quick-add-plus"></div></button></div></div></div><div class="product-tile__product-info"><div class="product-tile__product-name-and-details"><a class="js-producer-link" href="https://www.goodeggs.com/navitasorganicssfbay"><div class="product-tile__producer-name">Navitas Organics</div></a><a class="js-product-link" href="https://www.goodeggs.com/sfbay/navitasorganicssfbay/organic-chia-seeds/5a46da667decb4000bd2bf2a"><h5 class="product-tile__product-name">Organic Chia Seeds</h5></a></div><div class="product-tile__price-info product-tile-collapsing-row clearfix"><div class="product-tile__purchase-price product-tile-collapsing-row__fixed-right"><div class="split-price"><span class="split-price__dollars">8</span><span class="split-price__cents">99</span></div></div><div class="product-tile__comparison-price product-tile-collapsing-row__secondary-info"><span class="price-per">$17.98 </span>/ <span class="per-unit">lb</span></div><div class="product-tile__purchase-unit product-tile-collapsing-row__primary-info">8 oz</div></div></div></div></div><div class="grid-item lazyloaded" data-product-id="5a46d9787decb4000bd2bf24"><div class="product-tile product-tile--compact product-tile--market" data-id="5a46d9787decb4000bd2bf24"><div class="product-tile__favorite not-favorited"><div><div class="product-tile__favorite-circle"><svg class="product-tile__favorite-heart" viewBox="8.9 7.8 18 16.633654"><path d="m 17.89989,23.433653 c 0.631042,-0.630881 4.233291,-4.23521 6.485296,-6.486896 2.017605,-2.017765 1.974565,-4.958732 0.140161,-6.783217 -1.834405,-1.8249642 -4.800652,-1.8169641 -6.625457,0.0176 -1.824645,-1.8345641 -4.790892,-1.8425642 -6.625297,-0.0176 -1.8344041,1.824485 -1.8772842,4.765452 0.140161,6.783217 2.251845,2.251686 5.854574,5.856015 6.485136,6.486896 l 0,0 z"></path></svg></div></div></div><div class="product-tile__product-visuals"><a href="https://www.goodeggs.com/sfbay/navitasorganicssfbay/organic-hemp-seeds/5a46d9787decb4000bd2bf24" class="js-product-tile__product-photo-wrapper js-product-photo-link js-product-link" data-alt="Organic Hemp Seeds" data-src="https://goodeggs4.imgix.net/ad7e3ac8-1de0-4b36-987e-cf136b4513cd.jpg?w=380&amp;h=238&amp;fm=jpg&amp;auto=compress&amp;fit=crop"><img class="product-tile__product-photo" alt="Organic Hemp Seeds" src="./Health &amp; Home _ SF Bay _ Good Eggs_files/ad7e3ac8-1de0-4b36-987e-cf136b4513cd.jpg"></a><div class="product-tile__product-photo-tinter"></div><div class="product-tile__quick-add"><div class="product-tile__quick-add-count is-transparent"><div class="product-tile__quick-add-quantity"><div class="product-tile__quantity-spinner product-tile__quantity-spinner__quantity js-quantity-indicator">1</div><div class="product-tile__quantity-spinner product-tile__quantity-spinner__previous-quantity js-quantity-indicator">1</div></div><div class="product-tile__quick-add-quantity-label"><div class="product-tile__quick-add-quantity-label-result">added</div><div class="product-tile__quick-add-quantity-label-summary">in your basket</div></div><div class="product-tile__quick-add-gift"><i class="icon icon-share-gift"></i></div><div class="product-tile__quick-add-gift-label"><div class="product-tile__quick-add-gift-summary">Gift in your basket</div></div></div><div class="product-tile__quick-add-buttons"><button class="btn product-tile__quick-add-button product-tile__quick-add-button-remove js-product-tile__quick-remove"><div class="product-tile__quick-add-minus"></div></button><button class="btn product-tile__quick-add-button product-tile__quick-add-button-add js-product-tile__quick-add"><div class="product-tile__quick-add-plus"></div></button></div></div></div><div class="product-tile__product-info"><div class="product-tile__product-name-and-details"><a class="js-producer-link" href="https://www.goodeggs.com/navitasorganicssfbay"><div class="product-tile__producer-name">Navitas Organics</div></a><a class="js-product-link" href="https://www.goodeggs.com/sfbay/navitasorganicssfbay/organic-hemp-seeds/5a46d9787decb4000bd2bf24"><h5 class="product-tile__product-name">Organic Hemp Seeds</h5></a></div><div class="product-tile__price-info product-tile-collapsing-row clearfix"><div class="product-tile__purchase-price product-tile-collapsing-row__fixed-right"><div class="split-price"><span class="split-price__dollars">14</span><span class="split-price__cents">99</span></div></div><div class="product-tile__comparison-price product-tile-collapsing-row__secondary-info"><span class="price-per">$29.98 </span>/ <span class="per-unit">lb</span></div><div class="product-tile__purchase-unit product-tile-collapsing-row__primary-info">8 oz</div></div></div></div></div><div class="grid-item lazyloaded" data-product-id="5a46d53bb5af2e000b1fc2df"><div class="product-tile product-tile--compact product-tile--market" data-id="5a46d53bb5af2e000b1fc2df"><div class="product-tile__favorite not-favorited"><div><div class="product-tile__favorite-circle"><svg class="product-tile__favorite-heart" viewBox="8.9 7.8 18 16.633654"><path d="m 17.89989,23.433653 c 0.631042,-0.630881 4.233291,-4.23521 6.485296,-6.486896 2.017605,-2.017765 1.974565,-4.958732 0.140161,-6.783217 -1.834405,-1.8249642 -4.800652,-1.8169641 -6.625457,0.0176 -1.824645,-1.8345641 -4.790892,-1.8425642 -6.625297,-0.0176 -1.8344041,1.824485 -1.8772842,4.765452 0.140161,6.783217 2.251845,2.251686 5.854574,5.856015 6.485136,6.486896 l 0,0 z"></path></svg></div></div></div><div class="product-tile__product-visuals"><a href="https://www.goodeggs.com/sfbay/navitasorganicssfbay/organic-cacao-nibs/5a46d53bb5af2e000b1fc2df" class="js-product-tile__product-photo-wrapper js-product-photo-link js-product-link" data-alt="Organic Cacao Nibs" data-src="https://goodeggs4.imgix.net/38535df8-28d2-4e41-a219-04b91c6a9eab.jpg?w=380&amp;h=238&amp;fm=jpg&amp;auto=compress&amp;fit=crop"><img class="product-tile__product-photo" alt="Organic Cacao Nibs" src="./Health &amp; Home _ SF Bay _ Good Eggs_files/38535df8-28d2-4e41-a219-04b91c6a9eab.jpg"></a><div class="product-tile__product-photo-tinter"></div><div class="product-tile__quick-add"><div class="product-tile__quick-add-count is-transparent"><div class="product-tile__quick-add-quantity"><div class="product-tile__quantity-spinner product-tile__quantity-spinner__quantity js-quantity-indicator">1</div><div class="product-tile__quantity-spinner product-tile__quantity-spinner__previous-quantity js-quantity-indicator">1</div></div><div class="product-tile__quick-add-quantity-label"><div class="product-tile__quick-add-quantity-label-result">added</div><div class="product-tile__quick-add-quantity-label-summary">in your basket</div></div><div class="product-tile__quick-add-gift"><i class="icon icon-share-gift"></i></div><div class="product-tile__quick-add-gift-label"><div class="product-tile__quick-add-gift-summary">Gift in your basket</div></div></div><div class="product-tile__quick-add-buttons"><button class="btn product-tile__quick-add-button product-tile__quick-add-button-remove js-product-tile__quick-remove"><div class="product-tile__quick-add-minus"></div></button><button class="btn product-tile__quick-add-button product-tile__quick-add-button-add js-product-tile__quick-add"><div class="product-tile__quick-add-plus"></div></button></div></div></div><div class="product-tile__product-info"><div class="product-tile__product-name-and-details"><a class="js-producer-link" href="https://www.goodeggs.com/navitasorganicssfbay"><div class="product-tile__producer-name">Navitas Organics</div></a><a class="js-product-link" href="https://www.goodeggs.com/sfbay/navitasorganicssfbay/organic-cacao-nibs/5a46d53bb5af2e000b1fc2df"><h5 class="product-tile__product-name">Organic Cacao Nibs</h5></a></div><div class="product-tile__price-info product-tile-collapsing-row clearfix"><div class="product-tile__purchase-price product-tile-collapsing-row__fixed-right"><div class="split-price"><span class="split-price__dollars">10</span><span class="split-price__cents">99</span></div></div><div class="product-tile__comparison-price product-tile-collapsing-row__secondary-info"><span class="price-per">$21.98 </span>/ <span class="per-unit">lb</span></div><div class="product-tile__purchase-unit product-tile-collapsing-row__primary-info">8 oz</div></div></div></div></div><div class="grid-item lazyloaded" data-product-id="5f19f378874d41000fe57427"><div class="product-tile product-tile--compact product-tile--market" data-id="5f19f378874d41000fe57427"><div class="product-tile__favorite not-favorited"><div><div class="product-tile__favorite-circle"><svg class="product-tile__favorite-heart" viewBox="8.9 7.8 18 16.633654"><path d="m 17.89989,23.433653 c 0.631042,-0.630881 4.233291,-4.23521 6.485296,-6.486896 2.017605,-2.017765 1.974565,-4.958732 0.140161,-6.783217 -1.834405,-1.8249642 -4.800652,-1.8169641 -6.625457,0.0176 -1.824645,-1.8345641 -4.790892,-1.8425642 -6.625297,-0.0176 -1.8344041,1.824485 -1.8772842,4.765452 0.140161,6.783217 2.251845,2.251686 5.854574,5.856015 6.485136,6.486896 l 0,0 z"></path></svg></div></div></div><div class="product-tile__product-visuals"><a href="https://www.goodeggs.com/sfbay/navitasorganicssfbay/organic-matcha-powder/5f19f378874d41000fe57427" class="js-product-tile__product-photo-wrapper js-product-photo-link js-product-link" data-alt="Organic Matcha Powder" data-src="https://goodeggs4.imgix.net/b8948f94-33c0-4411-9f09-00ed2549d144.jpg?w=380&amp;h=238&amp;fm=jpg&amp;auto=compress&amp;fit=crop"><img class="product-tile__product-photo" alt="Organic Matcha Powder" src="./Health &amp; Home _ SF Bay _ Good Eggs_files/b8948f94-33c0-4411-9f09-00ed2549d144.jpg"></a><div class="product-tile__product-photo-tinter"></div><div class="product-tile__quick-add"><div class="product-tile__quick-add-count is-transparent"><div class="product-tile__quick-add-quantity"><div class="product-tile__quantity-spinner product-tile__quantity-spinner__quantity js-quantity-indicator">1</div><div class="product-tile__quantity-spinner product-tile__quantity-spinner__previous-quantity js-quantity-indicator">1</div></div><div class="product-tile__quick-add-quantity-label"><div class="product-tile__quick-add-quantity-label-result">added</div><div class="product-tile__quick-add-quantity-label-summary">in your basket</div></div><div class="product-tile__quick-add-gift"><i class="icon icon-share-gift"></i></div><div class="product-tile__quick-add-gift-label"><div class="product-tile__quick-add-gift-summary">Gift in your basket</div></div></div><div class="product-tile__quick-add-buttons"><button class="btn product-tile__quick-add-button product-tile__quick-add-button-remove js-product-tile__quick-remove"><div class="product-tile__quick-add-minus"></div></button><button class="btn product-tile__quick-add-button product-tile__quick-add-button-add js-product-tile__quick-add"><div class="product-tile__quick-add-plus"></div></button></div></div></div><div class="product-tile__product-info"><div class="product-tile__product-name-and-details"><a class="js-producer-link" href="https://www.goodeggs.com/navitasorganicssfbay"><div class="product-tile__producer-name">Navitas Organics</div></a><a class="js-product-link" href="https://www.goodeggs.com/sfbay/navitasorganicssfbay/organic-matcha-powder/5f19f378874d41000fe57427"><h5 class="product-tile__product-name">Organic Matcha Powder</h5></a></div><div class="product-tile__price-info product-tile-collapsing-row clearfix"><div class="product-tile__purchase-price product-tile-collapsing-row__fixed-right"><div class="split-price"><span class="split-price__dollars">20</span><span class="split-price__cents">99</span></div></div><div class="product-tile__comparison-price product-tile-collapsing-row__secondary-info"><span class="price-per">$111.94 </span>/ <span class="per-unit">lb</span></div><div class="product-tile__purchase-unit product-tile-collapsing-row__primary-info">3 oz</div></div></div></div></div><div class="grid-item lazyloaded" data-product-id="5a46dbd9b95322000b93be47"><div class="product-tile product-tile--compact product-tile--market" data-id="5a46dbd9b95322000b93be47"><div class="product-tile__favorite not-favorited"><div><div class="product-tile__favorite-circle"><svg class="product-tile__favorite-heart" viewBox="8.9 7.8 18 16.633654"><path d="m 17.89989,23.433653 c 0.631042,-0.630881 4.233291,-4.23521 6.485296,-6.486896 2.017605,-2.017765 1.974565,-4.958732 0.140161,-6.783217 -1.834405,-1.8249642 -4.800652,-1.8169641 -6.625457,0.0176 -1.824645,-1.8345641 -4.790892,-1.8425642 -6.625297,-0.0176 -1.8344041,1.824485 -1.8772842,4.765452 0.140161,6.783217 2.251845,2.251686 5.854574,5.856015 6.485136,6.486896 l 0,0 z"></path></svg></div></div></div><div class="product-tile__product-visuals"><a href="https://www.goodeggs.com/sfbay/navitasorganicssfbay/organic-maca-powder/5a46dbd9b95322000b93be47" class="js-product-tile__product-photo-wrapper js-product-photo-link js-product-link" data-alt="Organic Maca Powder" data-src="https://goodeggs4.imgix.net/f5981afd-90c3-41c7-8a9a-519696fa7e49.jpg?w=380&amp;h=238&amp;fm=jpg&amp;auto=compress&amp;fit=crop"><img class="product-tile__product-photo" alt="Organic Maca Powder" src="./Health &amp; Home _ SF Bay _ Good Eggs_files/f5981afd-90c3-41c7-8a9a-519696fa7e49.jpg"></a><div class="product-tile__product-photo-tinter"></div><div class="product-tile__quick-add"><div class="product-tile__quick-add-count is-transparent"><div class="product-tile__quick-add-quantity"><div class="product-tile__quantity-spinner product-tile__quantity-spinner__quantity js-quantity-indicator">1</div><div class="product-tile__quantity-spinner product-tile__quantity-spinner__previous-quantity js-quantity-indicator">1</div></div><div class="product-tile__quick-add-quantity-label"><div class="product-tile__quick-add-quantity-label-result">added</div><div class="product-tile__quick-add-quantity-label-summary">in your basket</div></div><div class="product-tile__quick-add-gift"><i class="icon icon-share-gift"></i></div><div class="product-tile__quick-add-gift-label"><div class="product-tile__quick-add-gift-summary">Gift in your basket</div></div></div><div class="product-tile__quick-add-buttons"><button class="btn product-tile__quick-add-button product-tile__quick-add-button-remove js-product-tile__quick-remove"><div class="product-tile__quick-add-minus"></div></button><button class="btn product-tile__quick-add-button product-tile__quick-add-button-add js-product-tile__quick-add"><div class="product-tile__quick-add-plus"></div></button></div></div></div><div class="product-tile__product-info"><div class="product-tile__product-name-and-details"><a class="js-producer-link" href="https://www.goodeggs.com/navitasorganicssfbay"><div class="product-tile__producer-name">Navitas Organics</div></a><a class="js-product-link" href="https://www.goodeggs.com/sfbay/navitasorganicssfbay/organic-maca-powder/5a46dbd9b95322000b93be47"><h5 class="product-tile__product-name">Organic Maca Powder</h5></a></div><div class="product-tile__price-info product-tile-collapsing-row clearfix"><div class="product-tile__purchase-price product-tile-collapsing-row__fixed-right"><div class="split-price"><span class="split-price__dollars">14</span><span class="split-price__cents">99</span></div></div><div class="product-tile__comparison-price product-tile-collapsing-row__secondary-info"><span class="price-per">$29.98 </span>/ <span class="per-unit">lb</span></div><div class="product-tile__purchase-unit product-tile-collapsing-row__primary-info">8 oz</div></div></div></div></div><div class="grid-item lazyloaded" data-product-id="5a469deedac127000bfccae0"><div class="product-tile product-tile--compact product-tile--market" data-id="5a469deedac127000bfccae0"><div class="product-tile__favorite not-favorited"><div><div class="product-tile__favorite-circle"><svg class="product-tile__favorite-heart" viewBox="8.9 7.8 18 16.633654"><path d="m 17.89989,23.433653 c 0.631042,-0.630881 4.233291,-4.23521 6.485296,-6.486896 2.017605,-2.017765 1.974565,-4.958732 0.140161,-6.783217 -1.834405,-1.8249642 -4.800652,-1.8169641 -6.625457,0.0176 -1.824645,-1.8345641 -4.790892,-1.8425642 -6.625297,-0.0176 -1.8344041,1.824485 -1.8772842,4.765452 0.140161,6.783217 2.251845,2.251686 5.854574,5.856015 6.485136,6.486896 l 0,0 z"></path></svg></div></div></div><div class="product-tile__product-visuals"><a href="https://www.goodeggs.com/sfbay/navitasorganicssfbay/organic-acai-powder/5a469deedac127000bfccae0" class="js-product-tile__product-photo-wrapper js-product-photo-link js-product-link" data-alt="Organic Acai Powder" data-src="https://goodeggs4.imgix.net/ee025b72-3674-4fe7-802f-97d9204be5af.jpg?w=380&amp;h=238&amp;fm=jpg&amp;auto=compress&amp;fit=crop"><img class="product-tile__product-photo" alt="Organic Acai Powder" src="./Health &amp; Home _ SF Bay _ Good Eggs_files/ee025b72-3674-4fe7-802f-97d9204be5af.jpg"></a><div class="product-tile__product-photo-tinter"></div><div class="product-tile__quick-add"><div class="product-tile__quick-add-count is-transparent"><div class="product-tile__quick-add-quantity"><div class="product-tile__quantity-spinner product-tile__quantity-spinner__quantity js-quantity-indicator">1</div><div class="product-tile__quantity-spinner product-tile__quantity-spinner__previous-quantity js-quantity-indicator">1</div></div><div class="product-tile__quick-add-quantity-label"><div class="product-tile__quick-add-quantity-label-result">added</div><div class="product-tile__quick-add-quantity-label-summary">in your basket</div></div><div class="product-tile__quick-add-gift"><i class="icon icon-share-gift"></i></div><div class="product-tile__quick-add-gift-label"><div class="product-tile__quick-add-gift-summary">Gift in your basket</div></div></div><div class="product-tile__quick-add-buttons"><button class="btn product-tile__quick-add-button product-tile__quick-add-button-remove js-product-tile__quick-remove"><div class="product-tile__quick-add-minus"></div></button><button class="btn product-tile__quick-add-button product-tile__quick-add-button-add js-product-tile__quick-add"><div class="product-tile__quick-add-plus"></div></button></div></div></div><div class="product-tile__product-info"><div class="product-tile__product-name-and-details"><a class="js-producer-link" href="https://www.goodeggs.com/navitasorganicssfbay"><div class="product-tile__producer-name">Navitas Organics</div></a><a class="js-product-link" href="https://www.goodeggs.com/sfbay/navitasorganicssfbay/organic-acai-powder/5a469deedac127000bfccae0"><h5 class="product-tile__product-name">Organic Acai Powder</h5></a></div><div class="product-tile__price-info product-tile-collapsing-row clearfix"><div class="product-tile__purchase-price product-tile-collapsing-row__fixed-right"><div class="split-price"><span class="split-price__dollars">19</span><span class="split-price__cents">99</span></div></div><div class="product-tile__comparison-price product-tile-collapsing-row__secondary-info"><span class="price-per">$79.96 </span>/ <span class="per-unit">lb</span></div><div class="product-tile__purchase-unit product-tile-collapsing-row__primary-info">4 oz</div></div></div></div></div><div class="grid-item lazyloaded" data-product-id="5ead99f0d7fa05000eecad7b"><div class="product-tile product-tile--compact product-tile--market" data-id="5ead99f0d7fa05000eecad7b"><div class="product-tile__favorite not-favorited"><div><div class="product-tile__favorite-circle"><svg class="product-tile__favorite-heart" viewBox="8.9 7.8 18 16.633654"><path d="m 17.89989,23.433653 c 0.631042,-0.630881 4.233291,-4.23521 6.485296,-6.486896 2.017605,-2.017765 1.974565,-4.958732 0.140161,-6.783217 -1.834405,-1.8249642 -4.800652,-1.8169641 -6.625457,0.0176 -1.824645,-1.8345641 -4.790892,-1.8425642 -6.625297,-0.0176 -1.8344041,1.824485 -1.8772842,4.765452 0.140161,6.783217 2.251845,2.251686 5.854574,5.856015 6.485136,6.486896 l 0,0 z"></path></svg></div></div></div><div class="product-tile__product-visuals"><a href="https://www.goodeggs.com/sfbay/navitasorganicssfbay/organic-vanilla-greens-blend/5ead99f0d7fa05000eecad7b" class="js-product-tile__product-photo-wrapper js-product-photo-link js-product-link" data-alt="Organic Vanilla &amp; Greens Blend" data-src="https://goodeggs4.imgix.net/3b2d839c-68e5-4fe1-aef3-2f195d3d5fa3.jpg?w=380&amp;h=238&amp;fm=jpg&amp;auto=compress&amp;fit=crop"><img class="product-tile__product-photo" alt="Organic Vanilla &amp; Greens Blend" src="./Health &amp; Home _ SF Bay _ Good Eggs_files/3b2d839c-68e5-4fe1-aef3-2f195d3d5fa3.jpg"></a><div class="product-tile__product-photo-tinter"></div><div class="product-tile__quick-add"><div class="product-tile__quick-add-count is-transparent"><div class="product-tile__quick-add-quantity"><div class="product-tile__quantity-spinner product-tile__quantity-spinner__quantity js-quantity-indicator">1</div><div class="product-tile__quantity-spinner product-tile__quantity-spinner__previous-quantity js-quantity-indicator">1</div></div><div class="product-tile__quick-add-quantity-label"><div class="product-tile__quick-add-quantity-label-result">added</div><div class="product-tile__quick-add-quantity-label-summary">in your basket</div></div><div class="product-tile__quick-add-gift"><i class="icon icon-share-gift"></i></div><div class="product-tile__quick-add-gift-label"><div class="product-tile__quick-add-gift-summary">Gift in your basket</div></div></div><div class="product-tile__quick-add-buttons"><button class="btn product-tile__quick-add-button product-tile__quick-add-button-remove js-product-tile__quick-remove"><div class="product-tile__quick-add-minus"></div></button><button class="btn product-tile__quick-add-button product-tile__quick-add-button-add js-product-tile__quick-add"><div class="product-tile__quick-add-plus"></div></button></div></div></div><div class="product-tile__product-info"><div class="product-tile__product-name-and-details"><a class="js-producer-link" href="https://www.goodeggs.com/navitasorganicssfbay"><div class="product-tile__producer-name">Navitas Organics</div></a><a class="js-product-link" href="https://www.goodeggs.com/sfbay/navitasorganicssfbay/organic-vanilla-greens-blend/5ead99f0d7fa05000eecad7b"><h5 class="product-tile__product-name">Organic Vanilla &amp; Greens Blend</h5></a></div><div class="product-tile__price-info product-tile-collapsing-row clearfix"><div class="product-tile__purchase-price product-tile-collapsing-row__fixed-right"><div class="split-price"><span class="split-price__dollars">24</span><span class="split-price__cents">99</span></div></div><div class="product-tile__purchase-unit product-tile-collapsing-row__primary-info">8.4 oz</div></div></div></div></div><div class="grid-item lazyloaded" data-product-id="5ead9acabf54c5000ef4e8e2"><div class="product-tile product-tile--compact product-tile--market" data-id="5ead9acabf54c5000ef4e8e2"><div class="product-tile__favorite not-favorited"><div><div class="product-tile__favorite-circle"><svg class="product-tile__favorite-heart" viewBox="8.9 7.8 18 16.633654"><path d="m 17.89989,23.433653 c 0.631042,-0.630881 4.233291,-4.23521 6.485296,-6.486896 2.017605,-2.017765 1.974565,-4.958732 0.140161,-6.783217 -1.834405,-1.8249642 -4.800652,-1.8169641 -6.625457,0.0176 -1.824645,-1.8345641 -4.790892,-1.8425642 -6.625297,-0.0176 -1.8344041,1.824485 -1.8772842,4.765452 0.140161,6.783217 2.251845,2.251686 5.854574,5.856015 6.485136,6.486896 l 0,0 z"></path></svg></div></div></div><div class="product-tile__product-visuals"><a href="https://www.goodeggs.com/sfbay/navitasorganicssfbay/organic-cacao-greens-blend/5ead9acabf54c5000ef4e8e2" class="js-product-tile__product-photo-wrapper js-product-photo-link js-product-link" data-alt="Organic Cacao &amp; Greens Blend" data-src="https://goodeggs4.imgix.net/92d070cc-5e0a-420c-987f-255ede55896a.jpg?w=380&amp;h=238&amp;fm=jpg&amp;auto=compress&amp;fit=crop"><img class="product-tile__product-photo" alt="Organic Cacao &amp; Greens Blend" src="./Health &amp; Home _ SF Bay _ Good Eggs_files/92d070cc-5e0a-420c-987f-255ede55896a.jpg"></a><div class="product-tile__product-photo-tinter"></div><div class="product-tile__quick-add"><div class="product-tile__quick-add-count is-transparent"><div class="product-tile__quick-add-quantity"><div class="product-tile__quantity-spinner product-tile__quantity-spinner__quantity js-quantity-indicator">1</div><div class="product-tile__quantity-spinner product-tile__quantity-spinner__previous-quantity js-quantity-indicator">1</div></div><div class="product-tile__quick-add-quantity-label"><div class="product-tile__quick-add-quantity-label-result">added</div><div class="product-tile__quick-add-quantity-label-summary">in your basket</div></div><div class="product-tile__quick-add-gift"><i class="icon icon-share-gift"></i></div><div class="product-tile__quick-add-gift-label"><div class="product-tile__quick-add-gift-summary">Gift in your basket</div></div></div><div class="product-tile__quick-add-buttons"><button class="btn product-tile__quick-add-button product-tile__quick-add-button-remove js-product-tile__quick-remove"><div class="product-tile__quick-add-minus"></div></button><button class="btn product-tile__quick-add-button product-tile__quick-add-button-add js-product-tile__quick-add"><div class="product-tile__quick-add-plus"></div></button></div></div></div><div class="product-tile__product-info"><div class="product-tile__product-name-and-details"><a class="js-producer-link" href="https://www.goodeggs.com/navitasorganicssfbay"><div class="product-tile__producer-name">Navitas Organics</div></a><a class="js-product-link" href="https://www.goodeggs.com/sfbay/navitasorganicssfbay/organic-cacao-greens-blend/5ead9acabf54c5000ef4e8e2"><h5 class="product-tile__product-name">Organic Cacao &amp; Greens Blend</h5></a></div><div class="product-tile__price-info product-tile-collapsing-row clearfix"><div class="product-tile__purchase-price product-tile-collapsing-row__fixed-right"><div class="split-price"><span class="split-price__dollars">24</span><span class="split-price__cents">99</span></div></div><div class="product-tile__purchase-unit product-tile-collapsing-row__primary-info">8.8 oz</div></div></div></div></div><div class="grid-item lazyloaded" data-product-id="5bf351282635ba000f91c68f"><div class="product-tile product-tile--compact product-tile--market" data-id="5bf351282635ba000f91c68f"><div class="product-tile__favorite not-favorited"><div><div class="product-tile__favorite-circle"><svg class="product-tile__favorite-heart" viewBox="8.9 7.8 18 16.633654"><path d="m 17.89989,23.433653 c 0.631042,-0.630881 4.233291,-4.23521 6.485296,-6.486896 2.017605,-2.017765 1.974565,-4.958732 0.140161,-6.783217 -1.834405,-1.8249642 -4.800652,-1.8169641 -6.625457,0.0176 -1.824645,-1.8345641 -4.790892,-1.8425642 -6.625297,-0.0176 -1.8344041,1.824485 -1.8772842,4.765452 0.140161,6.783217 2.251845,2.251686 5.854574,5.856015 6.485136,6.486896 l 0,0 z"></path></svg></div></div></div><div class="product-tile__product-visuals"><a href="https://www.goodeggs.com/sfbay/navitasorganicssfbay/organic-turmeric-powder/5bf351282635ba000f91c68f" class="js-product-tile__product-photo-wrapper js-product-photo-link js-product-link" data-alt="Organic Turmeric Powder" data-src="https://goodeggs4.imgix.net/3cedd00f-59d5-4837-a8b2-f11651681ad8.jpg?w=380&amp;h=238&amp;fm=jpg&amp;auto=compress&amp;fit=crop"><img class="product-tile__product-photo" alt="Organic Turmeric Powder" src="./Health &amp; Home _ SF Bay _ Good Eggs_files/3cedd00f-59d5-4837-a8b2-f11651681ad8.jpg"></a><div class="product-tile__product-photo-tinter"></div><div class="product-tile__quick-add"><div class="product-tile__quick-add-count is-transparent"><div class="product-tile__quick-add-quantity"><div class="product-tile__quantity-spinner product-tile__quantity-spinner__quantity js-quantity-indicator">1</div><div class="product-tile__quantity-spinner product-tile__quantity-spinner__previous-quantity js-quantity-indicator">1</div></div><div class="product-tile__quick-add-quantity-label"><div class="product-tile__quick-add-quantity-label-result">added</div><div class="product-tile__quick-add-quantity-label-summary">in your basket</div></div><div class="product-tile__quick-add-gift"><i class="icon icon-share-gift"></i></div><div class="product-tile__quick-add-gift-label"><div class="product-tile__quick-add-gift-summary">Gift in your basket</div></div></div><div class="product-tile__quick-add-buttons"><button class="btn product-tile__quick-add-button product-tile__quick-add-button-remove js-product-tile__quick-remove"><div class="product-tile__quick-add-minus"></div></button><button class="btn product-tile__quick-add-button product-tile__quick-add-button-add js-product-tile__quick-add"><div class="product-tile__quick-add-plus"></div></button></div></div></div><div class="product-tile__product-info"><div class="product-tile__product-name-and-details"><a class="js-producer-link" href="https://www.goodeggs.com/navitasorganicssfbay"><div class="product-tile__producer-name">Navitas Organics</div></a><a class="js-product-link" href="https://www.goodeggs.com/sfbay/navitasorganicssfbay/organic-turmeric-powder/5bf351282635ba000f91c68f"><h5 class="product-tile__product-name">Organic Turmeric Powder</h5></a></div><div class="product-tile__price-info product-tile-collapsing-row clearfix"><div class="product-tile__purchase-price product-tile-collapsing-row__fixed-right"><div class="split-price"><span class="split-price__dollars">11</span><span class="split-price__cents">99</span></div></div><div class="product-tile__comparison-price product-tile-collapsing-row__secondary-info"><span class="price-per">$23.98 </span>/ <span class="per-unit">lb</span></div><div class="product-tile__purchase-unit product-tile-collapsing-row__primary-info">8 oz</div></div></div></div></div><div class="grid-item lazyloaded" data-product-id="609ea20c10edec0012c21122"><div class="product-tile product-tile--compact product-tile--market" data-id="609ea20c10edec0012c21122"><div class="product-tile__favorite not-favorited"><div><div class="product-tile__favorite-circle"><svg class="product-tile__favorite-heart" viewBox="8.9 7.8 18 16.633654"><path d="m 17.89989,23.433653 c 0.631042,-0.630881 4.233291,-4.23521 6.485296,-6.486896 2.017605,-2.017765 1.974565,-4.958732 0.140161,-6.783217 -1.834405,-1.8249642 -4.800652,-1.8169641 -6.625457,0.0176 -1.824645,-1.8345641 -4.790892,-1.8425642 -6.625297,-0.0176 -1.8344041,1.824485 -1.8772842,4.765452 0.140161,6.783217 2.251845,2.251686 5.854574,5.856015 6.485136,6.486896 l 0,0 z"></path></svg></div></div></div><div class="product-tile__product-visuals"><a href="https://www.goodeggs.com/sfbay/sunwinksfbay/berry-calm-superfood-powder/609ea20c10edec0012c21122" class="js-product-tile__product-photo-wrapper js-product-photo-link js-product-link" data-alt="Berry Calm Superfood Powder" data-src="https://goodeggs4.imgix.net/ece48054-3285-4535-acd3-1093e81ac859.jpg?w=380&amp;h=238&amp;fm=jpg&amp;auto=compress&amp;fit=crop"><img class="product-tile__product-photo" alt="Berry Calm Superfood Powder" src="./Health &amp; Home _ SF Bay _ Good Eggs_files/ece48054-3285-4535-acd3-1093e81ac859.jpg"></a><div class="product-tile__product-photo-tinter"></div><div class="product-tile__quick-add"><div class="product-tile__quick-add-count is-transparent"><div class="product-tile__quick-add-quantity"><div class="product-tile__quantity-spinner product-tile__quantity-spinner__quantity js-quantity-indicator">1</div><div class="product-tile__quantity-spinner product-tile__quantity-spinner__previous-quantity js-quantity-indicator">1</div></div><div class="product-tile__quick-add-quantity-label"><div class="product-tile__quick-add-quantity-label-result">added</div><div class="product-tile__quick-add-quantity-label-summary">in your basket</div></div><div class="product-tile__quick-add-gift"><i class="icon icon-share-gift"></i></div><div class="product-tile__quick-add-gift-label"><div class="product-tile__quick-add-gift-summary">Gift in your basket</div></div></div><div class="product-tile__quick-add-buttons"><button class="btn product-tile__quick-add-button product-tile__quick-add-button-remove js-product-tile__quick-remove"><div class="product-tile__quick-add-minus"></div></button><button class="btn product-tile__quick-add-button product-tile__quick-add-button-add js-product-tile__quick-add"><div class="product-tile__quick-add-plus"></div></button></div></div></div><div class="product-tile__product-info"><div class="product-tile__product-name-and-details"><a class="js-producer-link" href="https://www.goodeggs.com/sunwinksfbay"><div class="product-tile__producer-name">Sunwink Herbal Tonics</div></a><a class="js-product-link" href="https://www.goodeggs.com/sfbay/sunwinksfbay/berry-calm-superfood-powder/609ea20c10edec0012c21122"><h5 class="product-tile__product-name">Berry Calm Superfood Powder</h5></a></div><div class="product-tile__price-info product-tile-collapsing-row clearfix"><div class="product-tile__purchase-price product-tile-collapsing-row__fixed-right"><div class="split-price"><span class="split-price__dollars">29</span><span class="split-price__cents">99</span></div></div><div class="product-tile__comparison-price product-tile-collapsing-row__secondary-info"><span class="price-per">$7.14 </span>/ <span class="per-unit">oz</span></div><div class="product-tile__purchase-unit product-tile-collapsing-row__primary-info">4.2 oz</div></div></div></div></div><div class="grid-item lazyloaded" data-product-id="609ea7c510edec0012c21123"><div class="product-tile product-tile--compact product-tile--market" data-id="609ea7c510edec0012c21123"><div class="product-tile__favorite not-favorited"><div><div class="product-tile__favorite-circle"><svg class="product-tile__favorite-heart" viewBox="8.9 7.8 18 16.633654"><path d="m 17.89989,23.433653 c 0.631042,-0.630881 4.233291,-4.23521 6.485296,-6.486896 2.017605,-2.017765 1.974565,-4.958732 0.140161,-6.783217 -1.834405,-1.8249642 -4.800652,-1.8169641 -6.625457,0.0176 -1.824645,-1.8345641 -4.790892,-1.8425642 -6.625297,-0.0176 -1.8344041,1.824485 -1.8772842,4.765452 0.140161,6.783217 2.251845,2.251686 5.854574,5.856015 6.485136,6.486896 l 0,0 z"></path></svg></div></div></div><div class="product-tile__product-visuals"><a href="https://www.goodeggs.com/sfbay/sunwinksfbay/cacao-clarity-superfood-powder/609ea7c510edec0012c21123" class="js-product-tile__product-photo-wrapper js-product-photo-link js-product-link" data-alt="Cacao Clarity Superfood Powder" data-src="https://goodeggs4.imgix.net/079ca05d-e444-40e5-a062-97e49904cc7e.jpg?w=380&amp;h=238&amp;fm=jpg&amp;auto=compress&amp;fit=crop"><img class="product-tile__product-photo" alt="Cacao Clarity Superfood Powder" src="./Health &amp; Home _ SF Bay _ Good Eggs_files/079ca05d-e444-40e5-a062-97e49904cc7e.jpg"></a><div class="product-tile__product-photo-tinter"></div><div class="product-tile__quick-add"><div class="product-tile__quick-add-count is-transparent"><div class="product-tile__quick-add-quantity"><div class="product-tile__quantity-spinner product-tile__quantity-spinner__quantity js-quantity-indicator">1</div><div class="product-tile__quantity-spinner product-tile__quantity-spinner__previous-quantity js-quantity-indicator">1</div></div><div class="product-tile__quick-add-quantity-label"><div class="product-tile__quick-add-quantity-label-result">added</div><div class="product-tile__quick-add-quantity-label-summary">in your basket</div></div><div class="product-tile__quick-add-gift"><i class="icon icon-share-gift"></i></div><div class="product-tile__quick-add-gift-label"><div class="product-tile__quick-add-gift-summary">Gift in your basket</div></div></div><div class="product-tile__quick-add-buttons"><button class="btn product-tile__quick-add-button product-tile__quick-add-button-remove js-product-tile__quick-remove"><div class="product-tile__quick-add-minus"></div></button><button class="btn product-tile__quick-add-button product-tile__quick-add-button-add js-product-tile__quick-add"><div class="product-tile__quick-add-plus"></div></button></div></div></div><div class="product-tile__product-info"><div class="product-tile__product-name-and-details"><a class="js-producer-link" href="https://www.goodeggs.com/sunwinksfbay"><div class="product-tile__producer-name">Sunwink Herbal Tonics</div></a><a class="js-product-link" href="https://www.goodeggs.com/sfbay/sunwinksfbay/cacao-clarity-superfood-powder/609ea7c510edec0012c21123"><h5 class="product-tile__product-name">Cacao Clarity Superfood Powder</h5></a></div><div class="product-tile__price-info product-tile-collapsing-row clearfix"><div class="product-tile__purchase-price product-tile-collapsing-row__fixed-right"><div class="split-price"><span class="split-price__dollars">29</span><span class="split-price__cents">99</span></div></div><div class="product-tile__comparison-price product-tile-collapsing-row__secondary-info"><span class="price-per">$7.14 </span>/ <span class="per-unit">oz</span></div><div class="product-tile__purchase-unit product-tile-collapsing-row__primary-info">4.2 oz</div></div></div></div></div><div class="grid-item lazyloaded" data-product-id="5f87417f466e7b000e204a98"><div class="product-tile product-tile--compact product-tile--market" data-id="5f87417f466e7b000e204a98"><div class="product-tile__favorite not-favorited"><div><div class="product-tile__favorite-circle"><svg class="product-tile__favorite-heart" viewBox="8.9 7.8 18 16.633654"><path d="m 17.89989,23.433653 c 0.631042,-0.630881 4.233291,-4.23521 6.485296,-6.486896 2.017605,-2.017765 1.974565,-4.958732 0.140161,-6.783217 -1.834405,-1.8249642 -4.800652,-1.8169641 -6.625457,0.0176 -1.824645,-1.8345641 -4.790892,-1.8425642 -6.625297,-0.0176 -1.8344041,1.824485 -1.8772842,4.765452 0.140161,6.783217 2.251845,2.251686 5.854574,5.856015 6.485136,6.486896 l 0,0 z"></path></svg></div></div></div><div class="product-tile__product-visuals"><a href="https://www.goodeggs.com/sfbay/organicindiasfbay/original-psyllium-pre-probiotic-fiber/5f87417f466e7b000e204a98" class="js-product-tile__product-photo-wrapper js-product-photo-link js-product-link" data-alt="Original Psyllium Pre &amp; Probiotic Fiber" data-src="https://goodeggs4.imgix.net/2c914d32-ad57-4faa-884f-75fc2b568f40.jpg?w=380&amp;h=238&amp;fm=jpg&amp;auto=compress&amp;fit=crop"><img class="product-tile__product-photo" alt="Original Psyllium Pre &amp; Probiotic Fiber" src="./Health &amp; Home _ SF Bay _ Good Eggs_files/2c914d32-ad57-4faa-884f-75fc2b568f40.jpg"></a><div class="product-tile__product-photo-tinter"></div><div class="product-tile__quick-add"><div class="product-tile__quick-add-count is-transparent"><div class="product-tile__quick-add-quantity"><div class="product-tile__quantity-spinner product-tile__quantity-spinner__quantity js-quantity-indicator">1</div><div class="product-tile__quantity-spinner product-tile__quantity-spinner__previous-quantity js-quantity-indicator">1</div></div><div class="product-tile__quick-add-quantity-label"><div class="product-tile__quick-add-quantity-label-result">added</div><div class="product-tile__quick-add-quantity-label-summary">in your basket</div></div><div class="product-tile__quick-add-gift"><i class="icon icon-share-gift"></i></div><div class="product-tile__quick-add-gift-label"><div class="product-tile__quick-add-gift-summary">Gift in your basket</div></div></div><div class="product-tile__quick-add-buttons"><button class="btn product-tile__quick-add-button product-tile__quick-add-button-remove js-product-tile__quick-remove"><div class="product-tile__quick-add-minus"></div></button><button class="btn product-tile__quick-add-button product-tile__quick-add-button-add js-product-tile__quick-add"><div class="product-tile__quick-add-plus"></div></button></div></div></div><div class="product-tile__product-info"><div class="product-tile__product-name-and-details"><a class="js-producer-link" href="https://www.goodeggs.com/organicindiasfbay"><div class="product-tile__producer-name">Organic India</div></a><a class="js-product-link" href="https://www.goodeggs.com/sfbay/organicindiasfbay/original-psyllium-pre-probiotic-fiber/5f87417f466e7b000e204a98"><h5 class="product-tile__product-name">Original Psyllium Pre &amp; Probiotic Fiber</h5></a></div><div class="product-tile__price-info product-tile-collapsing-row clearfix"><div class="product-tile__purchase-price product-tile-collapsing-row__fixed-right"><div class="split-price"><span class="split-price__dollars">14</span><span class="split-price__cents">99</span></div></div><div class="product-tile__purchase-unit product-tile-collapsing-row__primary-info">10 oz</div></div></div></div></div><div class="grid-item lazyloaded" data-product-id="5d8283f10c93c7000efa6d52"><div class="product-tile product-tile--compact product-tile--market" data-id="5d8283f10c93c7000efa6d52"><div class="product-tile__favorite not-favorited"><div><div class="product-tile__favorite-circle"><svg class="product-tile__favorite-heart" viewBox="8.9 7.8 18 16.633654"><path d="m 17.89989,23.433653 c 0.631042,-0.630881 4.233291,-4.23521 6.485296,-6.486896 2.017605,-2.017765 1.974565,-4.958732 0.140161,-6.783217 -1.834405,-1.8249642 -4.800652,-1.8169641 -6.625457,0.0176 -1.824645,-1.8345641 -4.790892,-1.8425642 -6.625297,-0.0176 -1.8344041,1.824485 -1.8772842,4.765452 0.140161,6.783217 2.251845,2.251686 5.854574,5.856015 6.485136,6.486896 l 0,0 z"></path></svg></div></div></div><div class="product-tile__product-visuals"><a href="https://www.goodeggs.com/sfbay/goldmine/daily-adaptogen-powder/5d8283f10c93c7000efa6d52" class="js-product-tile__product-photo-wrapper js-product-photo-link js-product-link" data-alt="Daily Adaptogen Powder" data-src="https://goodeggs4.imgix.net/6e5f9395-a00f-477b-8273-31442c68d5a1.jpg?w=380&amp;h=238&amp;fm=jpg&amp;auto=compress&amp;fit=crop"><img class="product-tile__product-photo" alt="Daily Adaptogen Powder" src="./Health &amp; Home _ SF Bay _ Good Eggs_files/6e5f9395-a00f-477b-8273-31442c68d5a1.jpg"></a><div class="product-tile__product-photo-tinter"></div><div class="product-tile__quick-add"><div class="product-tile__quick-add-count is-transparent"><div class="product-tile__quick-add-quantity"><div class="product-tile__quantity-spinner product-tile__quantity-spinner__quantity js-quantity-indicator">1</div><div class="product-tile__quantity-spinner product-tile__quantity-spinner__previous-quantity js-quantity-indicator">1</div></div><div class="product-tile__quick-add-quantity-label"><div class="product-tile__quick-add-quantity-label-result">added</div><div class="product-tile__quick-add-quantity-label-summary">in your basket</div></div><div class="product-tile__quick-add-gift"><i class="icon icon-share-gift"></i></div><div class="product-tile__quick-add-gift-label"><div class="product-tile__quick-add-gift-summary">Gift in your basket</div></div></div><div class="product-tile__quick-add-buttons"><button class="btn product-tile__quick-add-button product-tile__quick-add-button-remove js-product-tile__quick-remove"><div class="product-tile__quick-add-minus"></div></button><button class="btn product-tile__quick-add-button product-tile__quick-add-button-add js-product-tile__quick-add"><div class="product-tile__quick-add-plus"></div></button></div></div></div><div class="product-tile__product-info"><div class="product-tile__product-name-and-details"><a class="js-producer-link" href="https://www.goodeggs.com/goldmine"><div class="product-tile__producer-name">Goldmine</div></a><a class="js-product-link" href="https://www.goodeggs.com/sfbay/goldmine/daily-adaptogen-powder/5d8283f10c93c7000efa6d52"><h5 class="product-tile__product-name">Daily Adaptogen Powder</h5></a></div><div class="product-tile__price-info product-tile-collapsing-row clearfix"><div class="product-tile__purchase-price product-tile-collapsing-row__fixed-right"><div class="split-price"><span class="split-price__dollars">27</span><span class="split-price__cents">99</span></div></div><div class="product-tile__comparison-price product-tile-collapsing-row__secondary-info"><span class="price-per">$20.43 </span>/ <span class="per-unit">oz</span></div><div class="product-tile__purchase-unit product-tile-collapsing-row__primary-info">1.37 oz</div></div></div></div></div><div class="grid-item lazyloaded" data-product-id="5d828456907f24000eab3c1b"><div class="product-tile product-tile--compact product-tile--market" data-id="5d828456907f24000eab3c1b"><div class="product-tile__favorite not-favorited"><div><div class="product-tile__favorite-circle"><svg class="product-tile__favorite-heart" viewBox="8.9 7.8 18 16.633654"><path d="m 17.89989,23.433653 c 0.631042,-0.630881 4.233291,-4.23521 6.485296,-6.486896 2.017605,-2.017765 1.974565,-4.958732 0.140161,-6.783217 -1.834405,-1.8249642 -4.800652,-1.8169641 -6.625457,0.0176 -1.824645,-1.8345641 -4.790892,-1.8425642 -6.625297,-0.0176 -1.8344041,1.824485 -1.8772842,4.765452 0.140161,6.783217 2.251845,2.251686 5.854574,5.856015 6.485136,6.486896 l 0,0 z"></path></svg></div></div></div><div class="product-tile__product-visuals"><a href="https://www.goodeggs.com/sfbay/goldmine/daily-adaptogen-powder/5d828456907f24000eab3c1b" class="js-product-tile__product-photo-wrapper js-product-photo-link js-product-link" data-alt="Daily Adaptogen Powder" data-src="https://goodeggs4.imgix.net/94e24eb4-53c1-4047-8686-275dcc528aea.jpg?w=380&amp;h=238&amp;fm=jpg&amp;auto=compress&amp;fit=crop"><img class="product-tile__product-photo" alt="Daily Adaptogen Powder" src="./Health &amp; Home _ SF Bay _ Good Eggs_files/94e24eb4-53c1-4047-8686-275dcc528aea.jpg"></a><div class="product-tile__product-photo-tinter"></div><div class="product-tile__quick-add"><div class="product-tile__quick-add-count is-transparent"><div class="product-tile__quick-add-quantity"><div class="product-tile__quantity-spinner product-tile__quantity-spinner__quantity js-quantity-indicator">1</div><div class="product-tile__quantity-spinner product-tile__quantity-spinner__previous-quantity js-quantity-indicator">1</div></div><div class="product-tile__quick-add-quantity-label"><div class="product-tile__quick-add-quantity-label-result">added</div><div class="product-tile__quick-add-quantity-label-summary">in your basket</div></div><div class="product-tile__quick-add-gift"><i class="icon icon-share-gift"></i></div><div class="product-tile__quick-add-gift-label"><div class="product-tile__quick-add-gift-summary">Gift in your basket</div></div></div><div class="product-tile__quick-add-buttons"><button class="btn product-tile__quick-add-button product-tile__quick-add-button-remove js-product-tile__quick-remove"><div class="product-tile__quick-add-minus"></div></button><button class="btn product-tile__quick-add-button product-tile__quick-add-button-add js-product-tile__quick-add"><div class="product-tile__quick-add-plus"></div></button></div></div></div><div class="product-tile__product-info"><div class="product-tile__product-name-and-details"><a class="js-producer-link" href="https://www.goodeggs.com/goldmine"><div class="product-tile__producer-name">Goldmine</div></a><a class="js-product-link" href="https://www.goodeggs.com/sfbay/goldmine/daily-adaptogen-powder/5d828456907f24000eab3c1b"><h5 class="product-tile__product-name">Daily Adaptogen Powder</h5></a></div><div class="product-tile__price-info product-tile-collapsing-row clearfix"><div class="product-tile__purchase-price product-tile-collapsing-row__fixed-right"><div class="split-price"><span class="split-price__dollars">19</span><span class="split-price__cents">99</span></div></div><div class="product-tile__comparison-price product-tile-collapsing-row__secondary-info"><span class="price-per">$28.15 </span>/ <span class="per-unit">oz</span></div><div class="product-tile__purchase-unit product-tile-collapsing-row__primary-info">10 count</div></div></div></div></div><div class="grid-item lazyloaded" data-product-id="5f92366b7291af000e8964ff"><div class="product-tile product-tile--compact product-tile--market" data-id="5f92366b7291af000e8964ff"><div class="product-tile__favorite not-favorited"><div><div class="product-tile__favorite-circle"><svg class="product-tile__favorite-heart" viewBox="8.9 7.8 18 16.633654"><path d="m 17.89989,23.433653 c 0.631042,-0.630881 4.233291,-4.23521 6.485296,-6.486896 2.017605,-2.017765 1.974565,-4.958732 0.140161,-6.783217 -1.834405,-1.8249642 -4.800652,-1.8169641 -6.625457,0.0176 -1.824645,-1.8345641 -4.790892,-1.8425642 -6.625297,-0.0176 -1.8344041,1.824485 -1.8772842,4.765452 0.140161,6.783217 2.251845,2.251686 5.854574,5.856015 6.485136,6.486896 l 0,0 z"></path></svg></div></div></div><div class="product-tile__product-visuals"><a href="https://www.goodeggs.com/sfbay/oraorganic/easy-being-green-superfood-greens-powder/5f92366b7291af000e8964ff" class="js-product-tile__product-photo-wrapper js-product-photo-link js-product-link" data-alt="Easy Being Green Superfood Greens Powder" data-src="https://goodeggs4.imgix.net/0781e113-c3a2-4181-b401-92d112ddffb6.jpg?w=380&amp;h=238&amp;fm=jpg&amp;auto=compress&amp;fit=crop"><img class="product-tile__product-photo" alt="Easy Being Green Superfood Greens Powder" src="./Health &amp; Home _ SF Bay _ Good Eggs_files/0781e113-c3a2-4181-b401-92d112ddffb6.jpg"></a><div class="product-tile__product-photo-tinter"></div><div class="product-tile__quick-add"><div class="product-tile__quick-add-count is-transparent"><div class="product-tile__quick-add-quantity"><div class="product-tile__quantity-spinner product-tile__quantity-spinner__quantity js-quantity-indicator">1</div><div class="product-tile__quantity-spinner product-tile__quantity-spinner__previous-quantity js-quantity-indicator">1</div></div><div class="product-tile__quick-add-quantity-label"><div class="product-tile__quick-add-quantity-label-result">added</div><div class="product-tile__quick-add-quantity-label-summary">in your basket</div></div><div class="product-tile__quick-add-gift"><i class="icon icon-share-gift"></i></div><div class="product-tile__quick-add-gift-label"><div class="product-tile__quick-add-gift-summary">Gift in your basket</div></div></div><div class="product-tile__quick-add-buttons"><button class="btn product-tile__quick-add-button product-tile__quick-add-button-remove js-product-tile__quick-remove"><div class="product-tile__quick-add-minus"></div></button><button class="btn product-tile__quick-add-button product-tile__quick-add-button-add js-product-tile__quick-add"><div class="product-tile__quick-add-plus"></div></button></div></div></div><div class="product-tile__product-info"><div class="product-tile__product-name-and-details"><a class="js-producer-link" href="https://www.goodeggs.com/oraorganic"><div class="product-tile__producer-name">Ora Organic</div></a><a class="js-product-link" href="https://www.goodeggs.com/sfbay/oraorganic/easy-being-green-superfood-greens-powder/5f92366b7291af000e8964ff"><h5 class="product-tile__product-name">Easy Being Green Superfood Greens Powder</h5></a></div><div class="product-tile__price-info product-tile-collapsing-row clearfix"><div class="product-tile__purchase-price product-tile-collapsing-row__fixed-right"><div class="split-price"><span class="split-price__dollars">27</span><span class="split-price__cents">99</span></div></div><div class="product-tile__purchase-unit product-tile-collapsing-row__primary-info">8.5 oz</div></div></div></div></div></div></div></div><div id="wellness-shots" class="section-page"><div class="product-listings-view__section-anchor" id="health-home-wellness-wellness-shots"></div><h3 class="listings-section-header">Wellness Shots</h3><div class="page"><div class="grid-items"><div class="grid-item lazyloaded" data-product-id="57968786bd77e4030000018e"><div class="product-tile product-tile--compact product-tile--market" data-id="57968786bd77e4030000018e"><div class="product-tile__favorite not-favorited"><div><div class="product-tile__favorite-circle"><svg class="product-tile__favorite-heart" viewBox="8.9 7.8 18 16.633654"><path d="m 17.89989,23.433653 c 0.631042,-0.630881 4.233291,-4.23521 6.485296,-6.486896 2.017605,-2.017765 1.974565,-4.958732 0.140161,-6.783217 -1.834405,-1.8249642 -4.800652,-1.8169641 -6.625457,0.0176 -1.824645,-1.8345641 -4.790892,-1.8425642 -6.625297,-0.0176 -1.8344041,1.824485 -1.8772842,4.765452 0.140161,6.783217 2.251845,2.251686 5.854574,5.856015 6.485136,6.486896 l 0,0 z"></path></svg></div></div></div><div class="product-tile__product-visuals"><a href="https://www.goodeggs.com/sfbay/urbanremedy/organic-turmeric-relieve/57968786bd77e4030000018e" class="js-product-tile__product-photo-wrapper js-product-photo-link js-product-link" data-alt="Organic Turmeric-Relieve" data-src="https://goodeggs4.imgix.net/805ec546-86ee-4e09-9137-df57e26addd9.jpg?w=380&amp;h=238&amp;fm=jpg&amp;auto=compress&amp;fit=crop"><img class="product-tile__product-photo" alt="Organic Turmeric-Relieve" src="./Health &amp; Home _ SF Bay _ Good Eggs_files/805ec546-86ee-4e09-9137-df57e26addd9.jpg"></a><div class="product-tile__product-photo-tinter"></div><div class="product-tile__quick-add"><div class="product-tile__quick-add-count is-transparent"><div class="product-tile__quick-add-quantity"><div class="product-tile__quantity-spinner product-tile__quantity-spinner__quantity js-quantity-indicator">1</div><div class="product-tile__quantity-spinner product-tile__quantity-spinner__previous-quantity js-quantity-indicator">1</div></div><div class="product-tile__quick-add-quantity-label"><div class="product-tile__quick-add-quantity-label-result">added</div><div class="product-tile__quick-add-quantity-label-summary">in your basket</div></div><div class="product-tile__quick-add-gift"><i class="icon icon-share-gift"></i></div><div class="product-tile__quick-add-gift-label"><div class="product-tile__quick-add-gift-summary">Gift in your basket</div></div></div><div class="product-tile__quick-add-buttons"><button class="btn product-tile__quick-add-button product-tile__quick-add-button-remove js-product-tile__quick-remove"><div class="product-tile__quick-add-minus"></div></button><button class="btn product-tile__quick-add-button product-tile__quick-add-button-add js-product-tile__quick-add"><div class="product-tile__quick-add-plus"></div></button></div></div></div><div class="product-tile__product-info"><div class="product-tile__product-name-and-details"><a class="js-producer-link" href="https://www.goodeggs.com/urbanremedy"><div class="product-tile__producer-name">Urban Remedy</div></a><a class="js-product-link" href="https://www.goodeggs.com/sfbay/urbanremedy/organic-turmeric-relieve/57968786bd77e4030000018e"><h5 class="product-tile__product-name">Organic Turmeric-Relieve</h5></a></div><div class="product-tile__price-info product-tile-collapsing-row clearfix"><div class="product-tile__purchase-price product-tile-collapsing-row__fixed-right"><div class="split-price"><span class="split-price__dollars">6</span><span class="split-price__cents">99</span></div></div><div class="product-tile__comparison-price product-tile-collapsing-row__secondary-info"><span class="price-per">$1.74 </span>/ <span class="per-unit">fl oz</span></div><div class="product-tile__purchase-unit product-tile-collapsing-row__primary-info">4 fl oz</div></div></div></div></div><div class="grid-item lazyloaded" data-product-id="6081a2d6412b2300122a6b49"><div class="product-tile product-tile--compact product-tile--market" data-id="6081a2d6412b2300122a6b49"><div class="product-tile__favorite not-favorited"><div><div class="product-tile__favorite-circle"><svg class="product-tile__favorite-heart" viewBox="8.9 7.8 18 16.633654"><path d="m 17.89989,23.433653 c 0.631042,-0.630881 4.233291,-4.23521 6.485296,-6.486896 2.017605,-2.017765 1.974565,-4.958732 0.140161,-6.783217 -1.834405,-1.8249642 -4.800652,-1.8169641 -6.625457,0.0176 -1.824645,-1.8345641 -4.790892,-1.8425642 -6.625297,-0.0176 -1.8344041,1.824485 -1.8772842,4.765452 0.140161,6.783217 2.251845,2.251686 5.854574,5.856015 6.485136,6.486896 l 0,0 z"></path></svg></div></div></div><div class="product-tile__product-visuals"><a href="https://www.goodeggs.com/sfbay/dose/organic-wellness-shot-for-your-skin/6081a2d6412b2300122a6b49" class="js-product-tile__product-photo-wrapper js-product-photo-link js-product-link" data-alt="Organic Wellness Shot for your Skin" data-src="https://goodeggs4.imgix.net/5064aa3e-3c86-4980-9187-e6258d5bbf8c.jpg?w=380&amp;h=238&amp;fm=jpg&amp;auto=compress&amp;fit=crop"><img class="product-tile__product-photo" alt="Organic Wellness Shot for your Skin" src="./Health &amp; Home _ SF Bay _ Good Eggs_files/5064aa3e-3c86-4980-9187-e6258d5bbf8c.jpg"></a><div class="product-tile__product-photo-tinter"></div><div class="product-tile__quick-add"><div class="product-tile__quick-add-count is-transparent"><div class="product-tile__quick-add-quantity"><div class="product-tile__quantity-spinner product-tile__quantity-spinner__quantity js-quantity-indicator">1</div><div class="product-tile__quantity-spinner product-tile__quantity-spinner__previous-quantity js-quantity-indicator">1</div></div><div class="product-tile__quick-add-quantity-label"><div class="product-tile__quick-add-quantity-label-result">added</div><div class="product-tile__quick-add-quantity-label-summary">in your basket</div></div><div class="product-tile__quick-add-gift"><i class="icon icon-share-gift"></i></div><div class="product-tile__quick-add-gift-label"><div class="product-tile__quick-add-gift-summary">Gift in your basket</div></div></div><div class="product-tile__quick-add-buttons"><button class="btn product-tile__quick-add-button product-tile__quick-add-button-remove js-product-tile__quick-remove"><div class="product-tile__quick-add-minus"></div></button><button class="btn product-tile__quick-add-button product-tile__quick-add-button-add js-product-tile__quick-add"><div class="product-tile__quick-add-plus"></div></button></div></div></div><div class="product-tile__product-info"><div class="product-tile__product-name-and-details"><a class="js-producer-link" href="https://www.goodeggs.com/dose"><div class="product-tile__producer-name">Dose</div></a><a class="js-product-link" href="https://www.goodeggs.com/sfbay/dose/organic-wellness-shot-for-your-skin/6081a2d6412b2300122a6b49"><h5 class="product-tile__product-name">Organic Wellness Shot for your Skin</h5></a></div><div class="product-tile__price-info product-tile-collapsing-row clearfix"><div class="product-tile__purchase-price product-tile-collapsing-row__fixed-right"><div class="split-price"><span class="split-price__dollars">3</span><span class="split-price__cents">99</span></div></div><div class="product-tile__comparison-price product-tile-collapsing-row__secondary-info"><span class="price-per">$1.99 </span>/ <span class="per-unit">oz</span></div><div class="product-tile__purchase-unit product-tile-collapsing-row__primary-info">2 oz</div></div></div></div></div><div class="grid-item lazyloaded" data-product-id="5d0d45f5fbf207000e296a77"><div class="product-tile product-tile--compact product-tile--market" data-id="5d0d45f5fbf207000e296a77"><div class="product-tile__favorite not-favorited"><div><div class="product-tile__favorite-circle"><svg class="product-tile__favorite-heart" viewBox="8.9 7.8 18 16.633654"><path d="m 17.89989,23.433653 c 0.631042,-0.630881 4.233291,-4.23521 6.485296,-6.486896 2.017605,-2.017765 1.974565,-4.958732 0.140161,-6.783217 -1.834405,-1.8249642 -4.800652,-1.8169641 -6.625457,0.0176 -1.824645,-1.8345641 -4.790892,-1.8425642 -6.625297,-0.0176 -1.8344041,1.824485 -1.8772842,4.765452 0.140161,6.783217 2.251845,2.251686 5.854574,5.856015 6.485136,6.486896 l 0,0 z"></path></svg></div></div></div><div class="product-tile__product-visuals"><a href="https://www.goodeggs.com/sfbay/viveorganicsfbay/organic-original-immunity-boost/5d0d45f5fbf207000e296a77" class="js-product-tile__product-photo-wrapper js-product-photo-link js-product-link" data-alt="Organic Original Immunity Boost" data-src="https://goodeggs4.imgix.net/bb8bc3a3-973f-4198-a3a2-9a65cdf5c0df.jpg?w=380&amp;h=238&amp;fm=jpg&amp;auto=compress&amp;fit=crop"><img class="product-tile__product-photo" alt="Organic Original Immunity Boost" src="./Health &amp; Home _ SF Bay _ Good Eggs_files/bb8bc3a3-973f-4198-a3a2-9a65cdf5c0df.jpg"></a><div class="product-tile__product-photo-tinter"></div><div class="product-tile__quick-add"><div class="product-tile__quick-add-count is-transparent"><div class="product-tile__quick-add-quantity"><div class="product-tile__quantity-spinner product-tile__quantity-spinner__quantity js-quantity-indicator">1</div><div class="product-tile__quantity-spinner product-tile__quantity-spinner__previous-quantity js-quantity-indicator">1</div></div><div class="product-tile__quick-add-quantity-label"><div class="product-tile__quick-add-quantity-label-result">added</div><div class="product-tile__quick-add-quantity-label-summary">in your basket</div></div><div class="product-tile__quick-add-gift"><i class="icon icon-share-gift"></i></div><div class="product-tile__quick-add-gift-label"><div class="product-tile__quick-add-gift-summary">Gift in your basket</div></div></div><div class="product-tile__quick-add-buttons"><button class="btn product-tile__quick-add-button product-tile__quick-add-button-remove js-product-tile__quick-remove"><div class="product-tile__quick-add-minus"></div></button><button class="btn product-tile__quick-add-button product-tile__quick-add-button-add js-product-tile__quick-add"><div class="product-tile__quick-add-plus"></div></button></div></div></div><div class="product-tile__product-info"><div class="product-tile__product-name-and-details"><a class="js-producer-link" href="https://www.goodeggs.com/viveorganicsfbay"><div class="product-tile__producer-name">Vive Organic</div></a><a class="js-product-link" href="https://www.goodeggs.com/sfbay/viveorganicsfbay/organic-original-immunity-boost/5d0d45f5fbf207000e296a77"><h5 class="product-tile__product-name">Organic Original Immunity Boost</h5></a></div><div class="product-tile__price-info product-tile-collapsing-row clearfix"><div class="product-tile__purchase-price product-tile-collapsing-row__fixed-right"><div class="split-price"><span class="split-price__dollars">3</span><span class="split-price__cents">79</span></div></div><div class="product-tile__comparison-price product-tile-collapsing-row__secondary-info"><span class="price-per">$1.89 </span>/ <span class="per-unit">fl oz</span></div><div class="product-tile__purchase-unit product-tile-collapsing-row__primary-info">2 fl oz</div></div></div></div></div><div class="grid-item lazyloaded" data-product-id="5d0d47a6fbf207000e296b05"><div class="product-tile product-tile--compact product-tile--market" data-id="5d0d47a6fbf207000e296b05"><div class="product-tile__favorite not-favorited"><div><div class="product-tile__favorite-circle"><svg class="product-tile__favorite-heart" viewBox="8.9 7.8 18 16.633654"><path d="m 17.89989,23.433653 c 0.631042,-0.630881 4.233291,-4.23521 6.485296,-6.486896 2.017605,-2.017765 1.974565,-4.958732 0.140161,-6.783217 -1.834405,-1.8249642 -4.800652,-1.8169641 -6.625457,0.0176 -1.824645,-1.8345641 -4.790892,-1.8425642 -6.625297,-0.0176 -1.8344041,1.824485 -1.8772842,4.765452 0.140161,6.783217 2.251845,2.251686 5.854574,5.856015 6.485136,6.486896 l 0,0 z"></path></svg></div></div></div><div class="product-tile__product-visuals"><a href="https://www.goodeggs.com/sfbay/viveorganicsfbay/organic-antioxidant-detox/5d0d47a6fbf207000e296b05" class="js-product-tile__product-photo-wrapper js-product-photo-link js-product-link" data-alt="Organic Antioxidant Detox" data-src="https://goodeggs4.imgix.net/64e3a924-8561-495f-b52e-d51f9c83962f.jpg?w=380&amp;h=238&amp;fm=jpg&amp;auto=compress&amp;fit=crop"><img class="product-tile__product-photo" alt="Organic Antioxidant Detox" src="./Health &amp; Home _ SF Bay _ Good Eggs_files/64e3a924-8561-495f-b52e-d51f9c83962f.jpg"></a><div class="product-tile__product-photo-tinter"></div><div class="product-tile__quick-add"><div class="product-tile__quick-add-count is-transparent"><div class="product-tile__quick-add-quantity"><div class="product-tile__quantity-spinner product-tile__quantity-spinner__quantity js-quantity-indicator">1</div><div class="product-tile__quantity-spinner product-tile__quantity-spinner__previous-quantity js-quantity-indicator">1</div></div><div class="product-tile__quick-add-quantity-label"><div class="product-tile__quick-add-quantity-label-result">added</div><div class="product-tile__quick-add-quantity-label-summary">in your basket</div></div><div class="product-tile__quick-add-gift"><i class="icon icon-share-gift"></i></div><div class="product-tile__quick-add-gift-label"><div class="product-tile__quick-add-gift-summary">Gift in your basket</div></div></div><div class="product-tile__quick-add-buttons"><button class="btn product-tile__quick-add-button product-tile__quick-add-button-remove js-product-tile__quick-remove"><div class="product-tile__quick-add-minus"></div></button><button class="btn product-tile__quick-add-button product-tile__quick-add-button-add js-product-tile__quick-add"><div class="product-tile__quick-add-plus"></div></button></div></div></div><div class="product-tile__product-info"><div class="product-tile__product-name-and-details"><a class="js-producer-link" href="https://www.goodeggs.com/viveorganicsfbay"><div class="product-tile__producer-name">Vive Organic</div></a><a class="js-product-link" href="https://www.goodeggs.com/sfbay/viveorganicsfbay/organic-antioxidant-detox/5d0d47a6fbf207000e296b05"><h5 class="product-tile__product-name">Organic Antioxidant Detox</h5></a></div><div class="product-tile__price-info product-tile-collapsing-row clearfix"><div class="product-tile__purchase-price product-tile-collapsing-row__fixed-right"><div class="split-price"><span class="split-price__dollars">3</span><span class="split-price__cents">79</span></div></div><div class="product-tile__comparison-price product-tile-collapsing-row__secondary-info"><span class="price-per">$1.89 </span>/ <span class="per-unit">fl oz</span></div><div class="product-tile__purchase-unit product-tile-collapsing-row__primary-info">2 fl oz</div></div></div></div></div><div class="grid-item lazyloaded" data-product-id="6081afc793b39000122fe22e"><div class="product-tile product-tile--compact product-tile--market" data-id="6081afc793b39000122fe22e"><div class="product-tile__favorite not-favorited"><div><div class="product-tile__favorite-circle"><svg class="product-tile__favorite-heart" viewBox="8.9 7.8 18 16.633654"><path d="m 17.89989,23.433653 c 0.631042,-0.630881 4.233291,-4.23521 6.485296,-6.486896 2.017605,-2.017765 1.974565,-4.958732 0.140161,-6.783217 -1.834405,-1.8249642 -4.800652,-1.8169641 -6.625457,0.0176 -1.824645,-1.8345641 -4.790892,-1.8425642 -6.625297,-0.0176 -1.8344041,1.824485 -1.8772842,4.765452 0.140161,6.783217 2.251845,2.251686 5.854574,5.856015 6.485136,6.486896 l 0,0 z"></path></svg></div></div></div><div class="product-tile__product-visuals"><a href="https://www.goodeggs.com/sfbay/dose/wellness-shot-for-your-liver/6081afc793b39000122fe22e" class="js-product-tile__product-photo-wrapper js-product-photo-link js-product-link" data-alt="Wellness Shot for your Liver" data-src="https://goodeggs4.imgix.net/69105278-f518-4be2-a0b3-1cd6cbcf84e3.jpg?w=380&amp;h=238&amp;fm=jpg&amp;auto=compress&amp;fit=crop"><img class="product-tile__product-photo" alt="Wellness Shot for your Liver" src="./Health &amp; Home _ SF Bay _ Good Eggs_files/69105278-f518-4be2-a0b3-1cd6cbcf84e3.jpg"></a><div class="product-tile__product-photo-tinter"></div><div class="product-tile__quick-add"><div class="product-tile__quick-add-count is-transparent"><div class="product-tile__quick-add-quantity"><div class="product-tile__quantity-spinner product-tile__quantity-spinner__quantity js-quantity-indicator">1</div><div class="product-tile__quantity-spinner product-tile__quantity-spinner__previous-quantity js-quantity-indicator">1</div></div><div class="product-tile__quick-add-quantity-label"><div class="product-tile__quick-add-quantity-label-result">added</div><div class="product-tile__quick-add-quantity-label-summary">in your basket</div></div><div class="product-tile__quick-add-gift"><i class="icon icon-share-gift"></i></div><div class="product-tile__quick-add-gift-label"><div class="product-tile__quick-add-gift-summary">Gift in your basket</div></div></div><div class="product-tile__quick-add-buttons"><button class="btn product-tile__quick-add-button product-tile__quick-add-button-remove js-product-tile__quick-remove"><div class="product-tile__quick-add-minus"></div></button><button class="btn product-tile__quick-add-button product-tile__quick-add-button-add js-product-tile__quick-add"><div class="product-tile__quick-add-plus"></div></button></div></div></div><div class="product-tile__product-info"><div class="product-tile__product-name-and-details"><a class="js-producer-link" href="https://www.goodeggs.com/dose"><div class="product-tile__producer-name">Dose</div></a><a class="js-product-link" href="https://www.goodeggs.com/sfbay/dose/wellness-shot-for-your-liver/6081afc793b39000122fe22e"><h5 class="product-tile__product-name">Wellness Shot for your Liver</h5></a></div><div class="product-tile__price-info product-tile-collapsing-row clearfix"><div class="product-tile__purchase-price product-tile-collapsing-row__fixed-right"><div class="split-price"><span class="split-price__dollars">3</span><span class="split-price__cents">99</span></div></div><div class="product-tile__comparison-price product-tile-collapsing-row__secondary-info"><span class="price-per">$1.99 </span>/ <span class="per-unit">oz</span></div><div class="product-tile__purchase-unit product-tile-collapsing-row__primary-info">2 oz</div></div></div></div></div><div class="grid-item lazyloaded" data-product-id="5c1c28b36fea59000f00691f"><div class="product-tile product-tile--compact product-tile--market" data-id="5c1c28b36fea59000f00691f"><div class="product-tile__favorite not-favorited"><div><div class="product-tile__favorite-circle"><svg class="product-tile__favorite-heart" viewBox="8.9 7.8 18 16.633654"><path d="m 17.89989,23.433653 c 0.631042,-0.630881 4.233291,-4.23521 6.485296,-6.486896 2.017605,-2.017765 1.974565,-4.958732 0.140161,-6.783217 -1.834405,-1.8249642 -4.800652,-1.8169641 -6.625457,0.0176 -1.824645,-1.8345641 -4.790892,-1.8425642 -6.625297,-0.0176 -1.8344041,1.824485 -1.8772842,4.765452 0.140161,6.783217 2.251845,2.251686 5.854574,5.856015 6.485136,6.486896 l 0,0 z"></path></svg></div></div></div><div class="product-tile__product-visuals"><a href="https://www.goodeggs.com/sfbay/happymoosejuicesfbay/hawaiian-healer/5c1c28b36fea59000f00691f" class="js-product-tile__product-photo-wrapper js-product-photo-link js-product-link" data-alt="Hawaiian Healer" data-src="https://goodeggs4.imgix.net/6f805091-38ef-4991-a913-809044983aa1.jpg?w=380&amp;h=238&amp;fm=jpg&amp;auto=compress&amp;fit=crop"><img class="product-tile__product-photo" alt="Hawaiian Healer" src="./Health &amp; Home _ SF Bay _ Good Eggs_files/6f805091-38ef-4991-a913-809044983aa1.jpg"></a><div class="product-tile__product-photo-tinter"></div><div class="product-tile__quick-add"><div class="product-tile__quick-add-count is-transparent"><div class="product-tile__quick-add-quantity"><div class="product-tile__quantity-spinner product-tile__quantity-spinner__quantity js-quantity-indicator">1</div><div class="product-tile__quantity-spinner product-tile__quantity-spinner__previous-quantity js-quantity-indicator">1</div></div><div class="product-tile__quick-add-quantity-label"><div class="product-tile__quick-add-quantity-label-result">added</div><div class="product-tile__quick-add-quantity-label-summary">in your basket</div></div><div class="product-tile__quick-add-gift"><i class="icon icon-share-gift"></i></div><div class="product-tile__quick-add-gift-label"><div class="product-tile__quick-add-gift-summary">Gift in your basket</div></div></div><div class="product-tile__quick-add-buttons"><button class="btn product-tile__quick-add-button product-tile__quick-add-button-remove js-product-tile__quick-remove"><div class="product-tile__quick-add-minus"></div></button><button class="btn product-tile__quick-add-button product-tile__quick-add-button-add js-product-tile__quick-add"><div class="product-tile__quick-add-plus"></div></button></div></div></div><div class="product-tile__product-info"><div class="product-tile__product-name-and-details"><a class="js-producer-link" href="https://www.goodeggs.com/happymoosejuicesfbay"><div class="product-tile__producer-name">Happy Moose Juice</div></a><a class="js-product-link" href="https://www.goodeggs.com/sfbay/happymoosejuicesfbay/hawaiian-healer/5c1c28b36fea59000f00691f"><h5 class="product-tile__product-name">Hawaiian Healer</h5></a></div><div class="product-tile__price-info product-tile-collapsing-row clearfix"><div class="product-tile__purchase-price product-tile-collapsing-row__fixed-right"><div class="split-price"><span class="split-price__dollars">3</span><span class="split-price__cents">79</span></div></div><div class="product-tile__comparison-price product-tile-collapsing-row__secondary-info"><span class="price-per">$1.89 </span>/ <span class="per-unit">fl oz</span></div><div class="product-tile__purchase-unit product-tile-collapsing-row__primary-info">2 fl oz</div></div></div></div></div><div class="grid-item lazyloaded" data-product-id="5d0d4833fbf207000e296b2d"><div class="product-tile product-tile--compact product-tile--market" data-id="5d0d4833fbf207000e296b2d"><div class="product-tile__favorite not-favorited"><div><div class="product-tile__favorite-circle"><svg class="product-tile__favorite-heart" viewBox="8.9 7.8 18 16.633654"><path d="m 17.89989,23.433653 c 0.631042,-0.630881 4.233291,-4.23521 6.485296,-6.486896 2.017605,-2.017765 1.974565,-4.958732 0.140161,-6.783217 -1.834405,-1.8249642 -4.800652,-1.8169641 -6.625457,0.0176 -1.824645,-1.8345641 -4.790892,-1.8425642 -6.625297,-0.0176 -1.8344041,1.824485 -1.8772842,4.765452 0.140161,6.783217 2.251845,2.251686 5.854574,5.856015 6.485136,6.486896 l 0,0 z"></path></svg></div></div></div><div class="product-tile__product-visuals"><a href="https://www.goodeggs.com/sfbay/viveorganicsfbay/organic-cayenne-immunity-boost/5d0d4833fbf207000e296b2d" class="js-product-tile__product-photo-wrapper js-product-photo-link js-product-link" data-alt="Organic Cayenne Immunity Boost" data-src="https://goodeggs4.imgix.net/513e022b-1417-4539-87d5-18ade2bacfd1.jpg?w=380&amp;h=238&amp;fm=jpg&amp;auto=compress&amp;fit=crop"><img class="product-tile__product-photo" alt="Organic Cayenne Immunity Boost" src="./Health &amp; Home _ SF Bay _ Good Eggs_files/513e022b-1417-4539-87d5-18ade2bacfd1.jpg"></a><div class="product-tile__product-photo-tinter"></div><div class="product-tile__quick-add"><div class="product-tile__quick-add-count is-transparent"><div class="product-tile__quick-add-quantity"><div class="product-tile__quantity-spinner product-tile__quantity-spinner__quantity js-quantity-indicator">1</div><div class="product-tile__quantity-spinner product-tile__quantity-spinner__previous-quantity js-quantity-indicator">1</div></div><div class="product-tile__quick-add-quantity-label"><div class="product-tile__quick-add-quantity-label-result">added</div><div class="product-tile__quick-add-quantity-label-summary">in your basket</div></div><div class="product-tile__quick-add-gift"><i class="icon icon-share-gift"></i></div><div class="product-tile__quick-add-gift-label"><div class="product-tile__quick-add-gift-summary">Gift in your basket</div></div></div><div class="product-tile__quick-add-buttons"><button class="btn product-tile__quick-add-button product-tile__quick-add-button-remove js-product-tile__quick-remove"><div class="product-tile__quick-add-minus"></div></button><button class="btn product-tile__quick-add-button product-tile__quick-add-button-add js-product-tile__quick-add"><div class="product-tile__quick-add-plus"></div></button></div></div></div><div class="product-tile__product-info"><div class="product-tile__product-name-and-details"><a class="js-producer-link" href="https://www.goodeggs.com/viveorganicsfbay"><div class="product-tile__producer-name">Vive Organic</div></a><a class="js-product-link" href="https://www.goodeggs.com/sfbay/viveorganicsfbay/organic-cayenne-immunity-boost/5d0d4833fbf207000e296b2d"><h5 class="product-tile__product-name">Organic Cayenne Immunity Boost</h5></a></div><div class="product-tile__price-info product-tile-collapsing-row clearfix"><div class="product-tile__purchase-price product-tile-collapsing-row__fixed-right"><div class="split-price"><span class="split-price__dollars">3</span><span class="split-price__cents">79</span></div></div><div class="product-tile__comparison-price product-tile-collapsing-row__secondary-info"><span class="price-per">$1.89 </span>/ <span class="per-unit">fl oz</span></div><div class="product-tile__purchase-unit product-tile-collapsing-row__primary-info">2 fl oz</div></div></div></div></div><div class="grid-item lazyloaded" data-product-id="5d0d46d5fbf207000e296ac3"><div class="product-tile product-tile--compact product-tile--market" data-id="5d0d46d5fbf207000e296ac3"><div class="product-tile__favorite not-favorited"><div><div class="product-tile__favorite-circle"><svg class="product-tile__favorite-heart" viewBox="8.9 7.8 18 16.633654"><path d="m 17.89989,23.433653 c 0.631042,-0.630881 4.233291,-4.23521 6.485296,-6.486896 2.017605,-2.017765 1.974565,-4.958732 0.140161,-6.783217 -1.834405,-1.8249642 -4.800652,-1.8169641 -6.625457,0.0176 -1.824645,-1.8345641 -4.790892,-1.8425642 -6.625297,-0.0176 -1.8344041,1.824485 -1.8772842,4.765452 0.140161,6.783217 2.251845,2.251686 5.854574,5.856015 6.485136,6.486896 l 0,0 z"></path></svg></div></div></div><div class="product-tile__product-visuals"><a href="https://www.goodeggs.com/sfbay/viveorganicsfbay/organic-wellness-rescue/5d0d46d5fbf207000e296ac3" class="js-product-tile__product-photo-wrapper js-product-photo-link js-product-link" data-alt="Organic Wellness Rescue" data-src="https://goodeggs4.imgix.net/a81b2a6b-3cf9-4485-9a6b-b9bb9343101f.jpg?w=380&amp;h=238&amp;fm=jpg&amp;auto=compress&amp;fit=crop"><img class="product-tile__product-photo" alt="Organic Wellness Rescue" src="./Health &amp; Home _ SF Bay _ Good Eggs_files/a81b2a6b-3cf9-4485-9a6b-b9bb9343101f.jpg"></a><div class="product-tile__product-photo-tinter"></div><div class="product-tile__quick-add"><div class="product-tile__quick-add-count is-transparent"><div class="product-tile__quick-add-quantity"><div class="product-tile__quantity-spinner product-tile__quantity-spinner__quantity js-quantity-indicator">1</div><div class="product-tile__quantity-spinner product-tile__quantity-spinner__previous-quantity js-quantity-indicator">1</div></div><div class="product-tile__quick-add-quantity-label"><div class="product-tile__quick-add-quantity-label-result">added</div><div class="product-tile__quick-add-quantity-label-summary">in your basket</div></div><div class="product-tile__quick-add-gift"><i class="icon icon-share-gift"></i></div><div class="product-tile__quick-add-gift-label"><div class="product-tile__quick-add-gift-summary">Gift in your basket</div></div></div><div class="product-tile__quick-add-buttons"><button class="btn product-tile__quick-add-button product-tile__quick-add-button-remove js-product-tile__quick-remove"><div class="product-tile__quick-add-minus"></div></button><button class="btn product-tile__quick-add-button product-tile__quick-add-button-add js-product-tile__quick-add"><div class="product-tile__quick-add-plus"></div></button></div></div></div><div class="product-tile__product-info"><div class="product-tile__product-name-and-details"><a class="js-producer-link" href="https://www.goodeggs.com/viveorganicsfbay"><div class="product-tile__producer-name">Vive Organic</div></a><a class="js-product-link" href="https://www.goodeggs.com/sfbay/viveorganicsfbay/organic-wellness-rescue/5d0d46d5fbf207000e296ac3"><h5 class="product-tile__product-name">Organic Wellness Rescue</h5></a></div><div class="product-tile__price-info product-tile-collapsing-row clearfix"><div class="product-tile__purchase-price product-tile-collapsing-row__fixed-right"><div class="split-price"><span class="split-price__dollars">3</span><span class="split-price__cents">79</span></div></div><div class="product-tile__comparison-price product-tile-collapsing-row__secondary-info"><span class="price-per">$1.89 </span>/ <span class="per-unit">fl oz</span></div><div class="product-tile__purchase-unit product-tile-collapsing-row__primary-info">2 fl oz</div></div></div></div></div><div class="grid-item lazyloaded" data-product-id="6037e424f5c125000e0ea279"><div class="product-tile product-tile--compact product-tile--market" data-id="6037e424f5c125000e0ea279"><div class="product-tile__favorite not-favorited"><div><div class="product-tile__favorite-circle"><svg class="product-tile__favorite-heart" viewBox="8.9 7.8 18 16.633654"><path d="m 17.89989,23.433653 c 0.631042,-0.630881 4.233291,-4.23521 6.485296,-6.486896 2.017605,-2.017765 1.974565,-4.958732 0.140161,-6.783217 -1.834405,-1.8249642 -4.800652,-1.8169641 -6.625457,0.0176 -1.824645,-1.8345641 -4.790892,-1.8425642 -6.625297,-0.0176 -1.8344041,1.824485 -1.8772842,4.765452 0.140161,6.783217 2.251845,2.251686 5.854574,5.856015 6.485136,6.486896 l 0,0 z"></path></svg></div></div></div><div class="product-tile__product-visuals"><a href="https://www.goodeggs.com/sfbay/happymoosejuicesfbay/glow-up-beauty-shot/6037e424f5c125000e0ea279" class="js-product-tile__product-photo-wrapper js-product-photo-link js-product-link" data-alt="Glow Up Beauty Shot" data-src="https://goodeggs4.imgix.net/3f312610-8375-11eb-9783-f3d67f42bb6b?w=380&amp;h=238&amp;fm=jpg&amp;auto=compress&amp;fit=crop"><img class="product-tile__product-photo" alt="Glow Up Beauty Shot" src="./Health &amp; Home _ SF Bay _ Good Eggs_files/3f312610-8375-11eb-9783-f3d67f42bb6b"></a><div class="product-tile__product-photo-tinter"></div><div class="product-tile__quick-add"><div class="product-tile__quick-add-count is-transparent"><div class="product-tile__quick-add-quantity"><div class="product-tile__quantity-spinner product-tile__quantity-spinner__quantity js-quantity-indicator">1</div><div class="product-tile__quantity-spinner product-tile__quantity-spinner__previous-quantity js-quantity-indicator">1</div></div><div class="product-tile__quick-add-quantity-label"><div class="product-tile__quick-add-quantity-label-result">added</div><div class="product-tile__quick-add-quantity-label-summary">in your basket</div></div><div class="product-tile__quick-add-gift"><i class="icon icon-share-gift"></i></div><div class="product-tile__quick-add-gift-label"><div class="product-tile__quick-add-gift-summary">Gift in your basket</div></div></div><div class="product-tile__quick-add-buttons"><button class="btn product-tile__quick-add-button product-tile__quick-add-button-remove js-product-tile__quick-remove"><div class="product-tile__quick-add-minus"></div></button><button class="btn product-tile__quick-add-button product-tile__quick-add-button-add js-product-tile__quick-add"><div class="product-tile__quick-add-plus"></div></button></div></div></div><div class="product-tile__product-info"><div class="product-tile__product-name-and-details"><a class="js-producer-link" href="https://www.goodeggs.com/happymoosejuicesfbay"><div class="product-tile__producer-name">Happy Moose Juice</div></a><a class="js-product-link" href="https://www.goodeggs.com/sfbay/happymoosejuicesfbay/glow-up-beauty-shot/6037e424f5c125000e0ea279"><h5 class="product-tile__product-name">Glow Up Beauty Shot</h5></a></div><div class="product-tile__price-info product-tile-collapsing-row clearfix"><div class="product-tile__purchase-price product-tile-collapsing-row__fixed-right"><div class="split-price"><span class="split-price__dollars">3</span><span class="split-price__cents">79</span></div></div><div class="product-tile__comparison-price product-tile-collapsing-row__secondary-info"><span class="price-per">$1.89 </span>/ <span class="per-unit">fl oz</span></div><div class="product-tile__purchase-unit product-tile-collapsing-row__primary-info">2 fl oz</div></div></div></div></div><div class="grid-item lazyloaded" data-product-id="5c1c290e6fea59000f006931"><div class="product-tile product-tile--compact product-tile--market" data-id="5c1c290e6fea59000f006931"><div class="product-tile__favorite not-favorited"><div><div class="product-tile__favorite-circle"><svg class="product-tile__favorite-heart" viewBox="8.9 7.8 18 16.633654"><path d="m 17.89989,23.433653 c 0.631042,-0.630881 4.233291,-4.23521 6.485296,-6.486896 2.017605,-2.017765 1.974565,-4.958732 0.140161,-6.783217 -1.834405,-1.8249642 -4.800652,-1.8169641 -6.625457,0.0176 -1.824645,-1.8345641 -4.790892,-1.8425642 -6.625297,-0.0176 -1.8344041,1.824485 -1.8772842,4.765452 0.140161,6.783217 2.251845,2.251686 5.854574,5.856015 6.485136,6.486896 l 0,0 z"></path></svg></div></div></div><div class="product-tile__product-visuals"><a href="https://www.goodeggs.com/sfbay/happymoosejuicesfbay/feel-mo-betta/5c1c290e6fea59000f006931" class="js-product-tile__product-photo-wrapper js-product-photo-link js-product-link" data-alt="Feel Mo&#39; Betta" data-src="https://goodeggs4.imgix.net/f0237e9e-574d-4add-886f-aec28e944b56.jpg?w=380&amp;h=238&amp;fm=jpg&amp;auto=compress&amp;fit=crop"><img class="product-tile__product-photo" alt="Feel Mo&#39; Betta" src="./Health &amp; Home _ SF Bay _ Good Eggs_files/f0237e9e-574d-4add-886f-aec28e944b56.jpg"></a><div class="product-tile__product-photo-tinter"></div><div class="product-tile__quick-add"><div class="product-tile__quick-add-count is-transparent"><div class="product-tile__quick-add-quantity"><div class="product-tile__quantity-spinner product-tile__quantity-spinner__quantity js-quantity-indicator">1</div><div class="product-tile__quantity-spinner product-tile__quantity-spinner__previous-quantity js-quantity-indicator">1</div></div><div class="product-tile__quick-add-quantity-label"><div class="product-tile__quick-add-quantity-label-result">added</div><div class="product-tile__quick-add-quantity-label-summary">in your basket</div></div><div class="product-tile__quick-add-gift"><i class="icon icon-share-gift"></i></div><div class="product-tile__quick-add-gift-label"><div class="product-tile__quick-add-gift-summary">Gift in your basket</div></div></div><div class="product-tile__quick-add-buttons"><button class="btn product-tile__quick-add-button product-tile__quick-add-button-remove js-product-tile__quick-remove"><div class="product-tile__quick-add-minus"></div></button><button class="btn product-tile__quick-add-button product-tile__quick-add-button-add js-product-tile__quick-add"><div class="product-tile__quick-add-plus"></div></button></div></div></div><div class="product-tile__product-info"><div class="product-tile__product-name-and-details"><a class="js-producer-link" href="https://www.goodeggs.com/happymoosejuicesfbay"><div class="product-tile__producer-name">Happy Moose Juice</div></a><a class="js-product-link" href="https://www.goodeggs.com/sfbay/happymoosejuicesfbay/feel-mo-betta/5c1c290e6fea59000f006931"><h5 class="product-tile__product-name">Feel Mo' Betta</h5></a></div><div class="product-tile__price-info product-tile-collapsing-row clearfix"><div class="product-tile__purchase-price product-tile-collapsing-row__fixed-right"><div class="split-price"><span class="split-price__dollars">3</span><span class="split-price__cents">79</span></div></div><div class="product-tile__comparison-price product-tile-collapsing-row__secondary-info"><span class="price-per">$1.89 </span>/ <span class="per-unit">fl oz</span></div><div class="product-tile__purchase-unit product-tile-collapsing-row__primary-info">2 fl oz</div></div></div></div></div><div class="grid-item lazyloaded" data-product-id="60819ce9062e280012c244ad"><div class="product-tile product-tile--compact product-tile--market" data-id="60819ce9062e280012c244ad"><div class="product-tile__favorite not-favorited"><div><div class="product-tile__favorite-circle"><svg class="product-tile__favorite-heart" viewBox="8.9 7.8 18 16.633654"><path d="m 17.89989,23.433653 c 0.631042,-0.630881 4.233291,-4.23521 6.485296,-6.486896 2.017605,-2.017765 1.974565,-4.958732 0.140161,-6.783217 -1.834405,-1.8249642 -4.800652,-1.8169641 -6.625457,0.0176 -1.824645,-1.8345641 -4.790892,-1.8425642 -6.625297,-0.0176 -1.8344041,1.824485 -1.8772842,4.765452 0.140161,6.783217 2.251845,2.251686 5.854574,5.856015 6.485136,6.486896 l 0,0 z"></path></svg></div></div></div><div class="product-tile__product-visuals"><a href="https://www.goodeggs.com/sfbay/dose/organic-wellness-shot-for-soreness/60819ce9062e280012c244ad" class="js-product-tile__product-photo-wrapper js-product-photo-link js-product-link" data-alt="Organic Wellness Shot for Soreness" data-src="https://goodeggs4.imgix.net/9d375c41-0b9d-4074-a789-09f56695170b.jpg?w=380&amp;h=238&amp;fm=jpg&amp;auto=compress&amp;fit=crop"><img class="product-tile__product-photo" alt="Organic Wellness Shot for Soreness" src="./Health &amp; Home _ SF Bay _ Good Eggs_files/9d375c41-0b9d-4074-a789-09f56695170b.jpg"></a><div class="product-tile__product-photo-tinter"></div><div class="product-tile__quick-add"><div class="product-tile__quick-add-count is-transparent"><div class="product-tile__quick-add-quantity"><div class="product-tile__quantity-spinner product-tile__quantity-spinner__quantity js-quantity-indicator">1</div><div class="product-tile__quantity-spinner product-tile__quantity-spinner__previous-quantity js-quantity-indicator">1</div></div><div class="product-tile__quick-add-quantity-label"><div class="product-tile__quick-add-quantity-label-result">added</div><div class="product-tile__quick-add-quantity-label-summary">in your basket</div></div><div class="product-tile__quick-add-gift"><i class="icon icon-share-gift"></i></div><div class="product-tile__quick-add-gift-label"><div class="product-tile__quick-add-gift-summary">Gift in your basket</div></div></div><div class="product-tile__quick-add-buttons"><button class="btn product-tile__quick-add-button product-tile__quick-add-button-remove js-product-tile__quick-remove"><div class="product-tile__quick-add-minus"></div></button><button class="btn product-tile__quick-add-button product-tile__quick-add-button-add js-product-tile__quick-add"><div class="product-tile__quick-add-plus"></div></button></div></div></div><div class="product-tile__product-info"><div class="product-tile__product-name-and-details"><a class="js-producer-link" href="https://www.goodeggs.com/dose"><div class="product-tile__producer-name">Dose</div></a><a class="js-product-link" href="https://www.goodeggs.com/sfbay/dose/organic-wellness-shot-for-soreness/60819ce9062e280012c244ad"><h5 class="product-tile__product-name">Organic Wellness Shot for Soreness</h5></a></div><div class="product-tile__price-info product-tile-collapsing-row clearfix"><div class="product-tile__purchase-price product-tile-collapsing-row__fixed-right"><div class="split-price"><span class="split-price__dollars">3</span><span class="split-price__cents">99</span></div></div><div class="product-tile__comparison-price product-tile-collapsing-row__secondary-info"><span class="price-per">$1.99 </span>/ <span class="per-unit">oz</span></div><div class="product-tile__purchase-unit product-tile-collapsing-row__primary-info">2 oz</div></div></div></div></div><div class="grid-item lazyloaded" data-product-id="6037d71db73943000e6d9019"><div class="product-tile product-tile--compact product-tile--market" data-id="6037d71db73943000e6d9019"><div class="product-tile__favorite not-favorited"><div><div class="product-tile__favorite-circle"><svg class="product-tile__favorite-heart" viewBox="8.9 7.8 18 16.633654"><path d="m 17.89989,23.433653 c 0.631042,-0.630881 4.233291,-4.23521 6.485296,-6.486896 2.017605,-2.017765 1.974565,-4.958732 0.140161,-6.783217 -1.834405,-1.8249642 -4.800652,-1.8169641 -6.625457,0.0176 -1.824645,-1.8345641 -4.790892,-1.8425642 -6.625297,-0.0176 -1.8344041,1.824485 -1.8772842,4.765452 0.140161,6.783217 2.251845,2.251686 5.854574,5.856015 6.485136,6.486896 l 0,0 z"></path></svg></div></div></div><div class="product-tile__product-visuals"><a href="https://www.goodeggs.com/sfbay/happymoosejuicesfbay/belly-boost-shot/6037d71db73943000e6d9019" class="js-product-tile__product-photo-wrapper js-product-photo-link js-product-link" data-alt="Belly Boost Shot" data-src="https://goodeggs4.imgix.net/3f30ff00-8375-11eb-9783-f3d67f42bb6b?w=380&amp;h=238&amp;fm=jpg&amp;auto=compress&amp;fit=crop"><img class="product-tile__product-photo" alt="Belly Boost Shot" src="./Health &amp; Home _ SF Bay _ Good Eggs_files/3f30ff00-8375-11eb-9783-f3d67f42bb6b"></a><div class="product-tile__product-photo-tinter"></div><div class="product-tile__quick-add"><div class="product-tile__quick-add-count is-transparent"><div class="product-tile__quick-add-quantity"><div class="product-tile__quantity-spinner product-tile__quantity-spinner__quantity js-quantity-indicator">1</div><div class="product-tile__quantity-spinner product-tile__quantity-spinner__previous-quantity js-quantity-indicator">1</div></div><div class="product-tile__quick-add-quantity-label"><div class="product-tile__quick-add-quantity-label-result">added</div><div class="product-tile__quick-add-quantity-label-summary">in your basket</div></div><div class="product-tile__quick-add-gift"><i class="icon icon-share-gift"></i></div><div class="product-tile__quick-add-gift-label"><div class="product-tile__quick-add-gift-summary">Gift in your basket</div></div></div><div class="product-tile__quick-add-buttons"><button class="btn product-tile__quick-add-button product-tile__quick-add-button-remove js-product-tile__quick-remove"><div class="product-tile__quick-add-minus"></div></button><button class="btn product-tile__quick-add-button product-tile__quick-add-button-add js-product-tile__quick-add"><div class="product-tile__quick-add-plus"></div></button></div></div></div><div class="product-tile__product-info"><div class="product-tile__product-name-and-details"><a class="js-producer-link" href="https://www.goodeggs.com/happymoosejuicesfbay"><div class="product-tile__producer-name">Happy Moose Juice</div></a><a class="js-product-link" href="https://www.goodeggs.com/sfbay/happymoosejuicesfbay/belly-boost-shot/6037d71db73943000e6d9019"><h5 class="product-tile__product-name">Belly Boost Shot</h5></a></div><div class="product-tile__price-info product-tile-collapsing-row clearfix"><div class="product-tile__purchase-price product-tile-collapsing-row__fixed-right"><div class="split-price"><span class="split-price__dollars">3</span><span class="split-price__cents">79</span></div></div><div class="product-tile__comparison-price product-tile-collapsing-row__secondary-info"><span class="price-per">$1.89 </span>/ <span class="per-unit">fl oz</span></div><div class="product-tile__purchase-unit product-tile-collapsing-row__primary-info">2 fl oz</div></div></div></div></div><div class="grid-item lazyloaded" data-product-id="6037e676451540000eafcb5c"><div class="product-tile product-tile--compact product-tile--market" data-id="6037e676451540000eafcb5c"><div class="product-tile__favorite not-favorited"><div><div class="product-tile__favorite-circle"><svg class="product-tile__favorite-heart" viewBox="8.9 7.8 18 16.633654"><path d="m 17.89989,23.433653 c 0.631042,-0.630881 4.233291,-4.23521 6.485296,-6.486896 2.017605,-2.017765 1.974565,-4.958732 0.140161,-6.783217 -1.834405,-1.8249642 -4.800652,-1.8169641 -6.625457,0.0176 -1.824645,-1.8345641 -4.790892,-1.8425642 -6.625297,-0.0176 -1.8344041,1.824485 -1.8772842,4.765452 0.140161,6.783217 2.251845,2.251686 5.854574,5.856015 6.485136,6.486896 l 0,0 z"></path></svg></div></div></div><div class="product-tile__product-visuals"><a href="https://www.goodeggs.com/sfbay/happymoosejuicesfbay/pep-in-ya-step-energy-shot/6037e676451540000eafcb5c" class="js-product-tile__product-photo-wrapper js-product-photo-link js-product-link" data-alt="Pep In Ya&#39; Step Energy Shot" data-src="https://goodeggs4.imgix.net/3f312611-8375-11eb-9783-f3d67f42bb6b?w=380&amp;h=238&amp;fm=jpg&amp;auto=compress&amp;fit=crop"><img class="product-tile__product-photo" alt="Pep In Ya&#39; Step Energy Shot" src="./Health &amp; Home _ SF Bay _ Good Eggs_files/3f312611-8375-11eb-9783-f3d67f42bb6b"></a><div class="product-tile__product-photo-tinter"></div><div class="product-tile__quick-add"><div class="product-tile__quick-add-count is-transparent"><div class="product-tile__quick-add-quantity"><div class="product-tile__quantity-spinner product-tile__quantity-spinner__quantity js-quantity-indicator">1</div><div class="product-tile__quantity-spinner product-tile__quantity-spinner__previous-quantity js-quantity-indicator">1</div></div><div class="product-tile__quick-add-quantity-label"><div class="product-tile__quick-add-quantity-label-result">added</div><div class="product-tile__quick-add-quantity-label-summary">in your basket</div></div><div class="product-tile__quick-add-gift"><i class="icon icon-share-gift"></i></div><div class="product-tile__quick-add-gift-label"><div class="product-tile__quick-add-gift-summary">Gift in your basket</div></div></div><div class="product-tile__quick-add-buttons"><button class="btn product-tile__quick-add-button product-tile__quick-add-button-remove js-product-tile__quick-remove"><div class="product-tile__quick-add-minus"></div></button><button class="btn product-tile__quick-add-button product-tile__quick-add-button-add js-product-tile__quick-add"><div class="product-tile__quick-add-plus"></div></button></div></div></div><div class="product-tile__product-info"><div class="product-tile__product-name-and-details"><a class="js-producer-link" href="https://www.goodeggs.com/happymoosejuicesfbay"><div class="product-tile__producer-name">Happy Moose Juice</div></a><a class="js-product-link" href="https://www.goodeggs.com/sfbay/happymoosejuicesfbay/pep-in-ya-step-energy-shot/6037e676451540000eafcb5c"><h5 class="product-tile__product-name">Pep In Ya' Step Energy Shot</h5></a></div><div class="product-tile__price-info product-tile-collapsing-row clearfix"><div class="product-tile__purchase-price product-tile-collapsing-row__fixed-right"><div class="split-price"><span class="split-price__dollars">3</span><span class="split-price__cents">79</span></div></div><div class="product-tile__comparison-price product-tile-collapsing-row__secondary-info"><span class="price-per">$1.89 </span>/ <span class="per-unit">fl oz</span></div><div class="product-tile__purchase-unit product-tile-collapsing-row__primary-info">2 fl oz</div></div></div></div></div><div class="grid-item lazyloaded" data-product-id="608c6305f8f09f0012ad8cdc"><div class="product-tile product-tile--compact product-tile--market" data-id="608c6305f8f09f0012ad8cdc"><div class="product-tile__favorite not-favorited"><div><div class="product-tile__favorite-circle"><svg class="product-tile__favorite-heart" viewBox="8.9 7.8 18 16.633654"><path d="m 17.89989,23.433653 c 0.631042,-0.630881 4.233291,-4.23521 6.485296,-6.486896 2.017605,-2.017765 1.974565,-4.958732 0.140161,-6.783217 -1.834405,-1.8249642 -4.800652,-1.8169641 -6.625457,0.0176 -1.824645,-1.8345641 -4.790892,-1.8425642 -6.625297,-0.0176 -1.8344041,1.824485 -1.8772842,4.765452 0.140161,6.783217 2.251845,2.251686 5.854574,5.856015 6.485136,6.486896 l 0,0 z"></path></svg></div></div></div><div class="product-tile__product-visuals"><a href="https://www.goodeggs.com/sfbay/viveorganicsfbay/original-immunity-boost-4-pack/608c6305f8f09f0012ad8cdc" class="js-product-tile__product-photo-wrapper js-product-photo-link js-product-link" data-alt="Original Immunity Boost 4-Pack" data-src="https://goodeggs4.imgix.net/88519a4c-5086-4534-8e2e-c1b5f554d08e.jpg?w=380&amp;h=238&amp;fm=jpg&amp;auto=compress&amp;fit=crop"><img class="product-tile__product-photo" alt="Original Immunity Boost 4-Pack" src="./Health &amp; Home _ SF Bay _ Good Eggs_files/88519a4c-5086-4534-8e2e-c1b5f554d08e.jpg"></a><div class="product-tile__product-photo-tinter"></div><div class="product-tile__quick-add"><div class="product-tile__quick-add-count is-transparent"><div class="product-tile__quick-add-quantity"><div class="product-tile__quantity-spinner product-tile__quantity-spinner__quantity js-quantity-indicator">1</div><div class="product-tile__quantity-spinner product-tile__quantity-spinner__previous-quantity js-quantity-indicator">1</div></div><div class="product-tile__quick-add-quantity-label"><div class="product-tile__quick-add-quantity-label-result">added</div><div class="product-tile__quick-add-quantity-label-summary">in your basket</div></div><div class="product-tile__quick-add-gift"><i class="icon icon-share-gift"></i></div><div class="product-tile__quick-add-gift-label"><div class="product-tile__quick-add-gift-summary">Gift in your basket</div></div></div><div class="product-tile__quick-add-buttons"><button class="btn product-tile__quick-add-button product-tile__quick-add-button-remove js-product-tile__quick-remove"><div class="product-tile__quick-add-minus"></div></button><button class="btn product-tile__quick-add-button product-tile__quick-add-button-add js-product-tile__quick-add"><div class="product-tile__quick-add-plus"></div></button></div></div></div><div class="product-tile__product-info"><div class="product-tile__product-name-and-details"><a class="js-producer-link" href="https://www.goodeggs.com/viveorganicsfbay"><div class="product-tile__producer-name">Vive Organic</div></a><a class="js-product-link" href="https://www.goodeggs.com/sfbay/viveorganicsfbay/original-immunity-boost-4-pack/608c6305f8f09f0012ad8cdc"><h5 class="product-tile__product-name">Original Immunity Boost 4-Pack</h5></a></div><div class="product-tile__price-info product-tile-collapsing-row clearfix"><div class="product-tile__purchase-price product-tile-collapsing-row__fixed-right"><div class="split-price"><span class="split-price__dollars">13</span><span class="split-price__cents">99</span></div></div><div class="product-tile__comparison-price product-tile-collapsing-row__secondary-info"><span class="price-per">$1.74 </span>/ <span class="per-unit">fl oz</span></div><div class="product-tile__purchase-unit product-tile-collapsing-row__primary-info">4 count</div></div></div></div></div><div class="grid-item lazyloaded" data-product-id="6081a6a4062e280012c244ae"><div class="product-tile product-tile--compact product-tile--market" data-id="6081a6a4062e280012c244ae"><div class="product-tile__favorite not-favorited"><div><div class="product-tile__favorite-circle"><svg class="product-tile__favorite-heart" viewBox="8.9 7.8 18 16.633654"><path d="m 17.89989,23.433653 c 0.631042,-0.630881 4.233291,-4.23521 6.485296,-6.486896 2.017605,-2.017765 1.974565,-4.958732 0.140161,-6.783217 -1.834405,-1.8249642 -4.800652,-1.8169641 -6.625457,0.0176 -1.824645,-1.8345641 -4.790892,-1.8425642 -6.625297,-0.0176 -1.8344041,1.824485 -1.8772842,4.765452 0.140161,6.783217 2.251845,2.251686 5.854574,5.856015 6.485136,6.486896 l 0,0 z"></path></svg></div></div></div><div class="product-tile__product-visuals"><a href="https://www.goodeggs.com/sfbay/dose/organic-wellness-shot-for-immunity/6081a6a4062e280012c244ae" class="js-product-tile__product-photo-wrapper js-product-photo-link js-product-link" data-alt="Organic Wellness Shot for Immunity" data-src="https://goodeggs4.imgix.net/6ae0e110-7f06-411e-b00f-cba4b4eb3a7f.jpg?w=380&amp;h=238&amp;fm=jpg&amp;auto=compress&amp;fit=crop"><img class="product-tile__product-photo" alt="Organic Wellness Shot for Immunity" src="./Health &amp; Home _ SF Bay _ Good Eggs_files/6ae0e110-7f06-411e-b00f-cba4b4eb3a7f.jpg"></a><div class="product-tile__product-photo-tinter"></div><div class="product-tile__quick-add"><div class="product-tile__quick-add-count is-transparent"><div class="product-tile__quick-add-quantity"><div class="product-tile__quantity-spinner product-tile__quantity-spinner__quantity js-quantity-indicator">1</div><div class="product-tile__quantity-spinner product-tile__quantity-spinner__previous-quantity js-quantity-indicator">1</div></div><div class="product-tile__quick-add-quantity-label"><div class="product-tile__quick-add-quantity-label-result">added</div><div class="product-tile__quick-add-quantity-label-summary">in your basket</div></div><div class="product-tile__quick-add-gift"><i class="icon icon-share-gift"></i></div><div class="product-tile__quick-add-gift-label"><div class="product-tile__quick-add-gift-summary">Gift in your basket</div></div></div><div class="product-tile__quick-add-buttons"><button class="btn product-tile__quick-add-button product-tile__quick-add-button-remove js-product-tile__quick-remove"><div class="product-tile__quick-add-minus"></div></button><button class="btn product-tile__quick-add-button product-tile__quick-add-button-add js-product-tile__quick-add"><div class="product-tile__quick-add-plus"></div></button></div></div></div><div class="product-tile__product-info"><div class="product-tile__product-name-and-details"><a class="js-producer-link" href="https://www.goodeggs.com/dose"><div class="product-tile__producer-name">Dose</div></a><a class="js-product-link" href="https://www.goodeggs.com/sfbay/dose/organic-wellness-shot-for-immunity/6081a6a4062e280012c244ae"><h5 class="product-tile__product-name">Organic Wellness Shot for Immunity</h5></a></div><div class="product-tile__price-info product-tile-collapsing-row clearfix"><div class="product-tile__purchase-price product-tile-collapsing-row__fixed-right"><div class="split-price"><span class="split-price__dollars">3</span><span class="split-price__cents">99</span></div></div><div class="product-tile__comparison-price product-tile-collapsing-row__secondary-info"><span class="price-per">$1.99 </span>/ <span class="per-unit">oz</span></div><div class="product-tile__purchase-unit product-tile-collapsing-row__primary-info">2 oz</div></div></div></div></div><div class="grid-item lazyloaded" data-product-id="5e069dfffd1e25000e8b7bd3"><div class="product-tile product-tile--compact product-tile--market" data-id="5e069dfffd1e25000e8b7bd3"><div class="product-tile__favorite not-favorited"><div><div class="product-tile__favorite-circle"><svg class="product-tile__favorite-heart" viewBox="8.9 7.8 18 16.633654"><path d="m 17.89989,23.433653 c 0.631042,-0.630881 4.233291,-4.23521 6.485296,-6.486896 2.017605,-2.017765 1.974565,-4.958732 0.140161,-6.783217 -1.834405,-1.8249642 -4.800652,-1.8169641 -6.625457,0.0176 -1.824645,-1.8345641 -4.790892,-1.8425642 -6.625297,-0.0176 -1.8344041,1.824485 -1.8772842,4.765452 0.140161,6.783217 2.251845,2.251686 5.854574,5.856015 6.485136,6.486896 l 0,0 z"></path></svg></div></div></div><div class="product-tile__product-visuals"><a href="https://www.goodeggs.com/sfbay/kulikulisfbay/organic-stress-be-gone-honey-chamomile-moringa-shot/5e069dfffd1e25000e8b7bd3" class="js-product-tile__product-photo-wrapper js-product-photo-link js-product-link" data-alt="Organic &quot;Stress Be Gone&quot; Honey Chamomile Moringa Shot" data-src="https://goodeggs4.imgix.net/6ec03a9d-7562-4b10-9646-fc2e4c85d051.jpg?w=380&amp;h=238&amp;fm=jpg&amp;auto=compress&amp;fit=crop"><img class="product-tile__product-photo" alt="Organic &quot;Stress Be Gone&quot; Honey Chamomile Moringa Shot" src="./Health &amp; Home _ SF Bay _ Good Eggs_files/6ec03a9d-7562-4b10-9646-fc2e4c85d051.jpg"></a><div class="product-tile__product-photo-tinter"></div><div class="product-tile__quick-add"><div class="product-tile__quick-add-count is-transparent"><div class="product-tile__quick-add-quantity"><div class="product-tile__quantity-spinner product-tile__quantity-spinner__quantity js-quantity-indicator">1</div><div class="product-tile__quantity-spinner product-tile__quantity-spinner__previous-quantity js-quantity-indicator">1</div></div><div class="product-tile__quick-add-quantity-label"><div class="product-tile__quick-add-quantity-label-result">added</div><div class="product-tile__quick-add-quantity-label-summary">in your basket</div></div><div class="product-tile__quick-add-gift"><i class="icon icon-share-gift"></i></div><div class="product-tile__quick-add-gift-label"><div class="product-tile__quick-add-gift-summary">Gift in your basket</div></div></div><div class="product-tile__quick-add-buttons"><button class="btn product-tile__quick-add-button product-tile__quick-add-button-remove js-product-tile__quick-remove"><div class="product-tile__quick-add-minus"></div></button><button class="btn product-tile__quick-add-button product-tile__quick-add-button-add js-product-tile__quick-add"><div class="product-tile__quick-add-plus"></div></button></div></div></div><div class="product-tile__product-info"><div class="product-tile__product-name-and-details"><a class="js-producer-link" href="https://www.goodeggs.com/kulikulisfbay"><div class="product-tile__producer-name">Kuli Kuli</div></a><a class="js-product-link" href="https://www.goodeggs.com/sfbay/kulikulisfbay/organic-stress-be-gone-honey-chamomile-moringa-shot/5e069dfffd1e25000e8b7bd3"><h5 class="product-tile__product-name">Organic "Stress Be Gone" Honey Chamomile Moringa Shot</h5></a></div><div class="product-tile__price-info product-tile-collapsing-row clearfix"><div class="product-tile__purchase-price product-tile-collapsing-row__fixed-right"><div class="split-price"><span class="split-price__dollars">3</span><span class="split-price__cents">29</span></div></div><div class="product-tile__comparison-price product-tile-collapsing-row__secondary-info"><span class="price-per">$1.31 </span>/ <span class="per-unit">fl oz</span></div><div class="product-tile__purchase-unit product-tile-collapsing-row__primary-info">2.5 fl oz</div></div></div></div></div><div class="grid-item lazyloaded" data-product-id="5d38be17d189c7000e91f1ac"><div class="product-tile product-tile--compact product-tile--market" data-id="5d38be17d189c7000e91f1ac"><div class="product-tile__favorite not-favorited"><div><div class="product-tile__favorite-circle"><svg class="product-tile__favorite-heart" viewBox="8.9 7.8 18 16.633654"><path d="m 17.89989,23.433653 c 0.631042,-0.630881 4.233291,-4.23521 6.485296,-6.486896 2.017605,-2.017765 1.974565,-4.958732 0.140161,-6.783217 -1.834405,-1.8249642 -4.800652,-1.8169641 -6.625457,0.0176 -1.824645,-1.8345641 -4.790892,-1.8425642 -6.625297,-0.0176 -1.8344041,1.824485 -1.8772842,4.765452 0.140161,6.783217 2.251845,2.251686 5.854574,5.856015 6.485136,6.486896 l 0,0 z"></path></svg></div></div></div><div class="product-tile__product-visuals"><a href="https://www.goodeggs.com/sfbay/californiajuicecosfbay/organic-focus-shot/5d38be17d189c7000e91f1ac" class="js-product-tile__product-photo-wrapper js-product-photo-link js-product-link" data-alt="Organic Focus Shot" data-src="https://goodeggs4.imgix.net/e55a8c40-71c6-4910-942d-1a4269ebe26a.jpg?w=380&amp;h=238&amp;fm=jpg&amp;auto=compress&amp;fit=crop"><img class="product-tile__product-photo" alt="Organic Focus Shot" src="./Health &amp; Home _ SF Bay _ Good Eggs_files/e55a8c40-71c6-4910-942d-1a4269ebe26a.jpg"></a><div class="product-tile__product-photo-tinter"></div><div class="product-tile__quick-add"><div class="product-tile__quick-add-count is-transparent"><div class="product-tile__quick-add-quantity"><div class="product-tile__quantity-spinner product-tile__quantity-spinner__quantity js-quantity-indicator">1</div><div class="product-tile__quantity-spinner product-tile__quantity-spinner__previous-quantity js-quantity-indicator">1</div></div><div class="product-tile__quick-add-quantity-label"><div class="product-tile__quick-add-quantity-label-result">added</div><div class="product-tile__quick-add-quantity-label-summary">in your basket</div></div><div class="product-tile__quick-add-gift"><i class="icon icon-share-gift"></i></div><div class="product-tile__quick-add-gift-label"><div class="product-tile__quick-add-gift-summary">Gift in your basket</div></div></div><div class="product-tile__quick-add-buttons"><button class="btn product-tile__quick-add-button product-tile__quick-add-button-remove js-product-tile__quick-remove"><div class="product-tile__quick-add-minus"></div></button><button class="btn product-tile__quick-add-button product-tile__quick-add-button-add js-product-tile__quick-add"><div class="product-tile__quick-add-plus"></div></button></div></div></div><div class="product-tile__product-info"><div class="product-tile__product-name-and-details"><a class="js-producer-link" href="https://www.goodeggs.com/californiajuicecosfbay"><div class="product-tile__producer-name">California Juice Company</div></a><a class="js-product-link" href="https://www.goodeggs.com/sfbay/californiajuicecosfbay/organic-focus-shot/5d38be17d189c7000e91f1ac"><h5 class="product-tile__product-name">Organic Focus Shot</h5></a></div><div class="product-tile__price-info product-tile-collapsing-row clearfix"><div class="product-tile__purchase-price product-tile-collapsing-row__fixed-right"><div class="split-price"><span class="split-price__dollars">3</span><span class="split-price__cents">79</span></div></div><div class="product-tile__comparison-price product-tile-collapsing-row__secondary-info"><span class="price-per">$1.72 </span>/ <span class="per-unit">fl oz</span></div><div class="product-tile__purchase-unit product-tile-collapsing-row__primary-info">2.2 fl oz</div></div></div></div></div><div class="grid-item lazyloaded" data-product-id="5d38be5cc473a9000ef274ae"><div class="product-tile product-tile--compact product-tile--market" data-id="5d38be5cc473a9000ef274ae"><div class="product-tile__favorite not-favorited"><div><div class="product-tile__favorite-circle"><svg class="product-tile__favorite-heart" viewBox="8.9 7.8 18 16.633654"><path d="m 17.89989,23.433653 c 0.631042,-0.630881 4.233291,-4.23521 6.485296,-6.486896 2.017605,-2.017765 1.974565,-4.958732 0.140161,-6.783217 -1.834405,-1.8249642 -4.800652,-1.8169641 -6.625457,0.0176 -1.824645,-1.8345641 -4.790892,-1.8425642 -6.625297,-0.0176 -1.8344041,1.824485 -1.8772842,4.765452 0.140161,6.783217 2.251845,2.251686 5.854574,5.856015 6.485136,6.486896 l 0,0 z"></path></svg></div></div></div><div class="product-tile__product-visuals"><a href="https://www.goodeggs.com/sfbay/californiajuicecosfbay/organic-immunity-shot/5d38be5cc473a9000ef274ae" class="js-product-tile__product-photo-wrapper js-product-photo-link js-product-link" data-alt="Organic Immunity Shot" data-src="https://goodeggs4.imgix.net/1618e5b2-5eea-486a-951d-95e9fe2fbb36.jpg?w=380&amp;h=238&amp;fm=jpg&amp;auto=compress&amp;fit=crop"><img class="product-tile__product-photo" alt="Organic Immunity Shot" src="./Health &amp; Home _ SF Bay _ Good Eggs_files/1618e5b2-5eea-486a-951d-95e9fe2fbb36.jpg"></a><div class="product-tile__product-photo-tinter"></div><div class="product-tile__quick-add"><div class="product-tile__quick-add-count is-transparent"><div class="product-tile__quick-add-quantity"><div class="product-tile__quantity-spinner product-tile__quantity-spinner__quantity js-quantity-indicator">1</div><div class="product-tile__quantity-spinner product-tile__quantity-spinner__previous-quantity js-quantity-indicator">1</div></div><div class="product-tile__quick-add-quantity-label"><div class="product-tile__quick-add-quantity-label-result">added</div><div class="product-tile__quick-add-quantity-label-summary">in your basket</div></div><div class="product-tile__quick-add-gift"><i class="icon icon-share-gift"></i></div><div class="product-tile__quick-add-gift-label"><div class="product-tile__quick-add-gift-summary">Gift in your basket</div></div></div><div class="product-tile__quick-add-buttons"><button class="btn product-tile__quick-add-button product-tile__quick-add-button-remove js-product-tile__quick-remove"><div class="product-tile__quick-add-minus"></div></button><button class="btn product-tile__quick-add-button product-tile__quick-add-button-add js-product-tile__quick-add"><div class="product-tile__quick-add-plus"></div></button></div></div></div><div class="product-tile__product-info"><div class="product-tile__product-name-and-details"><a class="js-producer-link" href="https://www.goodeggs.com/californiajuicecosfbay"><div class="product-tile__producer-name">California Juice Company</div></a><a class="js-product-link" href="https://www.goodeggs.com/sfbay/californiajuicecosfbay/organic-immunity-shot/5d38be5cc473a9000ef274ae"><h5 class="product-tile__product-name">Organic Immunity Shot</h5></a></div><div class="product-tile__price-info product-tile-collapsing-row clearfix"><div class="product-tile__purchase-price product-tile-collapsing-row__fixed-right"><div class="split-price"><span class="split-price__dollars">3</span><span class="split-price__cents">79</span></div></div><div class="product-tile__comparison-price product-tile-collapsing-row__secondary-info"><span class="price-per">$1.72 </span>/ <span class="per-unit">fl oz</span></div><div class="product-tile__purchase-unit product-tile-collapsing-row__primary-info">2.2 fl oz</div></div></div></div></div><div class="grid-item lazyloaded" data-product-id="608c65fbf8f09f0012ad8cdd"><div class="product-tile product-tile--compact product-tile--market" data-id="608c65fbf8f09f0012ad8cdd"><div class="product-tile__favorite not-favorited"><div><div class="product-tile__favorite-circle"><svg class="product-tile__favorite-heart" viewBox="8.9 7.8 18 16.633654"><path d="m 17.89989,23.433653 c 0.631042,-0.630881 4.233291,-4.23521 6.485296,-6.486896 2.017605,-2.017765 1.974565,-4.958732 0.140161,-6.783217 -1.834405,-1.8249642 -4.800652,-1.8169641 -6.625457,0.0176 -1.824645,-1.8345641 -4.790892,-1.8425642 -6.625297,-0.0176 -1.8344041,1.824485 -1.8772842,4.765452 0.140161,6.783217 2.251845,2.251686 5.854574,5.856015 6.485136,6.486896 l 0,0 z"></path></svg></div></div></div><div class="product-tile__product-visuals"><a href="https://www.goodeggs.com/sfbay/viveorganicsfbay/elderberry-boost-shot/608c65fbf8f09f0012ad8cdd" class="js-product-tile__product-photo-wrapper js-product-photo-link js-product-link" data-alt="Elderberry Boost Shot" data-src="https://goodeggs4.imgix.net/78afa2a6-88db-4051-9099-519f7c5ef104.jpg?w=380&amp;h=238&amp;fm=jpg&amp;auto=compress&amp;fit=crop"><img class="product-tile__product-photo" alt="Elderberry Boost Shot" src="./Health &amp; Home _ SF Bay _ Good Eggs_files/78afa2a6-88db-4051-9099-519f7c5ef104.jpg"></a><div class="product-tile__product-photo-tinter"></div><div class="product-tile__quick-add"><div class="product-tile__quick-add-count is-transparent"><div class="product-tile__quick-add-quantity"><div class="product-tile__quantity-spinner product-tile__quantity-spinner__quantity js-quantity-indicator">1</div><div class="product-tile__quantity-spinner product-tile__quantity-spinner__previous-quantity js-quantity-indicator">1</div></div><div class="product-tile__quick-add-quantity-label"><div class="product-tile__quick-add-quantity-label-result">added</div><div class="product-tile__quick-add-quantity-label-summary">in your basket</div></div><div class="product-tile__quick-add-gift"><i class="icon icon-share-gift"></i></div><div class="product-tile__quick-add-gift-label"><div class="product-tile__quick-add-gift-summary">Gift in your basket</div></div></div><div class="product-tile__quick-add-buttons"><button class="btn product-tile__quick-add-button product-tile__quick-add-button-remove js-product-tile__quick-remove"><div class="product-tile__quick-add-minus"></div></button><button class="btn product-tile__quick-add-button product-tile__quick-add-button-add js-product-tile__quick-add"><div class="product-tile__quick-add-plus"></div></button></div></div></div><div class="product-tile__product-info"><div class="product-tile__product-name-and-details"><a class="js-producer-link" href="https://www.goodeggs.com/viveorganicsfbay"><div class="product-tile__producer-name">Vive Organic</div></a><a class="js-product-link" href="https://www.goodeggs.com/sfbay/viveorganicsfbay/elderberry-boost-shot/608c65fbf8f09f0012ad8cdd"><h5 class="product-tile__product-name">Elderberry Boost Shot</h5></a></div><div class="product-tile__price-info product-tile-collapsing-row clearfix"><div class="product-tile__purchase-price product-tile-collapsing-row__fixed-right"><div class="split-price"><span class="split-price__dollars">3</span><span class="split-price__cents">79</span></div></div><div class="product-tile__comparison-price product-tile-collapsing-row__secondary-info"><span class="price-per">$1.89 </span>/ <span class="per-unit">fl oz</span></div><div class="product-tile__purchase-unit product-tile-collapsing-row__primary-info">2 fl oz</div></div></div></div></div><div class="grid-item lazyloaded" data-product-id="5e069d7a653c48000e57b8b2"><div class="product-tile product-tile--compact product-tile--market" data-id="5e069d7a653c48000e57b8b2"><div class="product-tile__favorite not-favorited"><div><div class="product-tile__favorite-circle"><svg class="product-tile__favorite-heart" viewBox="8.9 7.8 18 16.633654"><path d="m 17.89989,23.433653 c 0.631042,-0.630881 4.233291,-4.23521 6.485296,-6.486896 2.017605,-2.017765 1.974565,-4.958732 0.140161,-6.783217 -1.834405,-1.8249642 -4.800652,-1.8169641 -6.625457,0.0176 -1.824645,-1.8345641 -4.790892,-1.8425642 -6.625297,-0.0176 -1.8344041,1.824485 -1.8772842,4.765452 0.140161,6.783217 2.251845,2.251686 5.854574,5.856015 6.485136,6.486896 l 0,0 z"></path></svg></div></div></div><div class="product-tile__product-visuals"><a href="https://www.goodeggs.com/sfbay/kulikulisfbay/organic-get-well-soon-vitamin-c-moringa-shot/5e069d7a653c48000e57b8b2" class="js-product-tile__product-photo-wrapper js-product-photo-link js-product-link" data-alt="Organic &quot;Get Well Soon&quot; Vitamin C Moringa Shot" data-src="https://goodeggs4.imgix.net/1aeb1b9f-6317-43aa-b768-00c9ace723fc.jpg?w=380&amp;h=238&amp;fm=jpg&amp;auto=compress&amp;fit=crop"><img class="product-tile__product-photo" alt="Organic &quot;Get Well Soon&quot; Vitamin C Moringa Shot" src="./Health &amp; Home _ SF Bay _ Good Eggs_files/1aeb1b9f-6317-43aa-b768-00c9ace723fc.jpg"></a><div class="product-tile__product-photo-tinter"></div><div class="product-tile__quick-add"><div class="product-tile__quick-add-count is-transparent"><div class="product-tile__quick-add-quantity"><div class="product-tile__quantity-spinner product-tile__quantity-spinner__quantity js-quantity-indicator">1</div><div class="product-tile__quantity-spinner product-tile__quantity-spinner__previous-quantity js-quantity-indicator">1</div></div><div class="product-tile__quick-add-quantity-label"><div class="product-tile__quick-add-quantity-label-result">added</div><div class="product-tile__quick-add-quantity-label-summary">in your basket</div></div><div class="product-tile__quick-add-gift"><i class="icon icon-share-gift"></i></div><div class="product-tile__quick-add-gift-label"><div class="product-tile__quick-add-gift-summary">Gift in your basket</div></div></div><div class="product-tile__quick-add-buttons"><button class="btn product-tile__quick-add-button product-tile__quick-add-button-remove js-product-tile__quick-remove"><div class="product-tile__quick-add-minus"></div></button><button class="btn product-tile__quick-add-button product-tile__quick-add-button-add js-product-tile__quick-add"><div class="product-tile__quick-add-plus"></div></button></div></div></div><div class="product-tile__product-info"><div class="product-tile__product-name-and-details"><a class="js-producer-link" href="https://www.goodeggs.com/kulikulisfbay"><div class="product-tile__producer-name">Kuli Kuli</div></a><a class="js-product-link" href="https://www.goodeggs.com/sfbay/kulikulisfbay/organic-get-well-soon-vitamin-c-moringa-shot/5e069d7a653c48000e57b8b2"><h5 class="product-tile__product-name">Organic "Get Well Soon" Vitamin C Moringa Shot</h5></a></div><div class="product-tile__price-info product-tile-collapsing-row clearfix"><div class="product-tile__purchase-price product-tile-collapsing-row__fixed-right"><div class="split-price"><span class="split-price__dollars">3</span><span class="split-price__cents">29</span></div></div><div class="product-tile__comparison-price product-tile-collapsing-row__secondary-info"><span class="price-per">$1.31 </span>/ <span class="per-unit">fl oz</span></div><div class="product-tile__purchase-unit product-tile-collapsing-row__primary-info">2.5 fl oz</div></div></div></div></div><div class="grid-item lazyloaded" data-product-id="5d38bea9d189c7000e91f1e7"><div class="product-tile product-tile--compact product-tile--market" data-id="5d38bea9d189c7000e91f1e7"><div class="product-tile__favorite not-favorited"><div><div class="product-tile__favorite-circle"><svg class="product-tile__favorite-heart" viewBox="8.9 7.8 18 16.633654"><path d="m 17.89989,23.433653 c 0.631042,-0.630881 4.233291,-4.23521 6.485296,-6.486896 2.017605,-2.017765 1.974565,-4.958732 0.140161,-6.783217 -1.834405,-1.8249642 -4.800652,-1.8169641 -6.625457,0.0176 -1.824645,-1.8345641 -4.790892,-1.8425642 -6.625297,-0.0176 -1.8344041,1.824485 -1.8772842,4.765452 0.140161,6.783217 2.251845,2.251686 5.854574,5.856015 6.485136,6.486896 l 0,0 z"></path></svg></div></div></div><div class="product-tile__product-visuals"><a href="https://www.goodeggs.com/sfbay/californiajuicecosfbay/organic-revive-shot/5d38bea9d189c7000e91f1e7" class="js-product-tile__product-photo-wrapper js-product-photo-link js-product-link" data-alt="Organic Revive Shot" data-src="https://goodeggs4.imgix.net/6796598a-3652-4609-8927-8c5b1c4e1ffd.jpg?w=380&amp;h=238&amp;fm=jpg&amp;auto=compress&amp;fit=crop"><img class="product-tile__product-photo" alt="Organic Revive Shot" src="./Health &amp; Home _ SF Bay _ Good Eggs_files/6796598a-3652-4609-8927-8c5b1c4e1ffd.jpg"></a><div class="product-tile__product-photo-tinter"></div><div class="product-tile__quick-add"><div class="product-tile__quick-add-count is-transparent"><div class="product-tile__quick-add-quantity"><div class="product-tile__quantity-spinner product-tile__quantity-spinner__quantity js-quantity-indicator">1</div><div class="product-tile__quantity-spinner product-tile__quantity-spinner__previous-quantity js-quantity-indicator">1</div></div><div class="product-tile__quick-add-quantity-label"><div class="product-tile__quick-add-quantity-label-result">added</div><div class="product-tile__quick-add-quantity-label-summary">in your basket</div></div><div class="product-tile__quick-add-gift"><i class="icon icon-share-gift"></i></div><div class="product-tile__quick-add-gift-label"><div class="product-tile__quick-add-gift-summary">Gift in your basket</div></div></div><div class="product-tile__quick-add-buttons"><button class="btn product-tile__quick-add-button product-tile__quick-add-button-remove js-product-tile__quick-remove"><div class="product-tile__quick-add-minus"></div></button><button class="btn product-tile__quick-add-button product-tile__quick-add-button-add js-product-tile__quick-add"><div class="product-tile__quick-add-plus"></div></button></div></div></div><div class="product-tile__product-info"><div class="product-tile__product-name-and-details"><a class="js-producer-link" href="https://www.goodeggs.com/californiajuicecosfbay"><div class="product-tile__producer-name">California Juice Company</div></a><a class="js-product-link" href="https://www.goodeggs.com/sfbay/californiajuicecosfbay/organic-revive-shot/5d38bea9d189c7000e91f1e7"><h5 class="product-tile__product-name">Organic Revive Shot</h5></a></div><div class="product-tile__price-info product-tile-collapsing-row clearfix"><div class="product-tile__purchase-price product-tile-collapsing-row__fixed-right"><div class="split-price"><span class="split-price__dollars">3</span><span class="split-price__cents">79</span></div></div><div class="product-tile__comparison-price product-tile-collapsing-row__secondary-info"><span class="price-per">$1.72 </span>/ <span class="per-unit">fl oz</span></div><div class="product-tile__purchase-unit product-tile-collapsing-row__primary-info">2.2 fl oz</div></div></div></div></div><div class="grid-item lazyloaded" data-product-id="608c67e699b4eb00123fefa7"><div class="product-tile product-tile--compact product-tile--market" data-id="608c67e699b4eb00123fefa7"><div class="product-tile__favorite not-favorited"><div><div class="product-tile__favorite-circle"><svg class="product-tile__favorite-heart" viewBox="8.9 7.8 18 16.633654"><path d="m 17.89989,23.433653 c 0.631042,-0.630881 4.233291,-4.23521 6.485296,-6.486896 2.017605,-2.017765 1.974565,-4.958732 0.140161,-6.783217 -1.834405,-1.8249642 -4.800652,-1.8169641 -6.625457,0.0176 -1.824645,-1.8345641 -4.790892,-1.8425642 -6.625297,-0.0176 -1.8344041,1.824485 -1.8772842,4.765452 0.140161,6.783217 2.251845,2.251686 5.854574,5.856015 6.485136,6.486896 l 0,0 z"></path></svg></div></div></div><div class="product-tile__product-visuals"><a href="https://www.goodeggs.com/sfbay/viveorganicsfbay/energy-focus-immunity-shot/608c67e699b4eb00123fefa7" class="js-product-tile__product-photo-wrapper js-product-photo-link js-product-link" data-alt="Energy+Focus Immunity Shot" data-src="https://goodeggs4.imgix.net/1cdec226-fc14-495f-856f-bf31ff4ac83e.jpg?w=380&amp;h=238&amp;fm=jpg&amp;auto=compress&amp;fit=crop"><img class="product-tile__product-photo" alt="Energy+Focus Immunity Shot" src="./Health &amp; Home _ SF Bay _ Good Eggs_files/1cdec226-fc14-495f-856f-bf31ff4ac83e.jpg"></a><div class="product-tile__product-photo-tinter"></div><div class="product-tile__quick-add"><div class="product-tile__quick-add-count is-transparent"><div class="product-tile__quick-add-quantity"><div class="product-tile__quantity-spinner product-tile__quantity-spinner__quantity js-quantity-indicator">1</div><div class="product-tile__quantity-spinner product-tile__quantity-spinner__previous-quantity js-quantity-indicator">1</div></div><div class="product-tile__quick-add-quantity-label"><div class="product-tile__quick-add-quantity-label-result">added</div><div class="product-tile__quick-add-quantity-label-summary">in your basket</div></div><div class="product-tile__quick-add-gift"><i class="icon icon-share-gift"></i></div><div class="product-tile__quick-add-gift-label"><div class="product-tile__quick-add-gift-summary">Gift in your basket</div></div></div><div class="product-tile__quick-add-buttons"><button class="btn product-tile__quick-add-button product-tile__quick-add-button-remove js-product-tile__quick-remove"><div class="product-tile__quick-add-minus"></div></button><button class="btn product-tile__quick-add-button product-tile__quick-add-button-add js-product-tile__quick-add"><div class="product-tile__quick-add-plus"></div></button></div></div></div><div class="product-tile__product-info"><div class="product-tile__product-name-and-details"><a class="js-producer-link" href="https://www.goodeggs.com/viveorganicsfbay"><div class="product-tile__producer-name">Vive Organic</div></a><a class="js-product-link" href="https://www.goodeggs.com/sfbay/viveorganicsfbay/energy-focus-immunity-shot/608c67e699b4eb00123fefa7"><h5 class="product-tile__product-name">Energy+Focus Immunity Shot</h5></a></div><div class="product-tile__price-info product-tile-collapsing-row clearfix"><div class="product-tile__purchase-price product-tile-collapsing-row__fixed-right"><div class="split-price"><span class="split-price__dollars">3</span><span class="split-price__cents">79</span></div></div><div class="product-tile__comparison-price product-tile-collapsing-row__secondary-info"><span class="price-per">$1.89 </span>/ <span class="per-unit">fl oz</span></div><div class="product-tile__purchase-unit product-tile-collapsing-row__primary-info">2 fl oz</div></div></div></div></div><div class="grid-item lazyloaded" data-product-id="608c64dc282e1e0012b89e93"><div class="product-tile product-tile--compact product-tile--market" data-id="608c64dc282e1e0012b89e93"><div class="product-tile__favorite not-favorited"><div><div class="product-tile__favorite-circle"><svg class="product-tile__favorite-heart" viewBox="8.9 7.8 18 16.633654"><path d="m 17.89989,23.433653 c 0.631042,-0.630881 4.233291,-4.23521 6.485296,-6.486896 2.017605,-2.017765 1.974565,-4.958732 0.140161,-6.783217 -1.834405,-1.8249642 -4.800652,-1.8169641 -6.625457,0.0176 -1.824645,-1.8345641 -4.790892,-1.8425642 -6.625297,-0.0176 -1.8344041,1.824485 -1.8772842,4.765452 0.140161,6.783217 2.251845,2.251686 5.854574,5.856015 6.485136,6.486896 l 0,0 z"></path></svg></div></div></div><div class="product-tile__product-visuals"><a href="https://www.goodeggs.com/sfbay/viveorganicsfbay/elderberry-boost-4-pack/608c64dc282e1e0012b89e93" class="js-product-tile__product-photo-wrapper js-product-photo-link js-product-link" data-alt="Elderberry Boost 4-Pack" data-src="https://goodeggs4.imgix.net/415af2ec-c895-4b10-a0b6-2628eddf719e.jpg?w=380&amp;h=238&amp;fm=jpg&amp;auto=compress&amp;fit=crop"><img class="product-tile__product-photo" alt="Elderberry Boost 4-Pack" src="./Health &amp; Home _ SF Bay _ Good Eggs_files/415af2ec-c895-4b10-a0b6-2628eddf719e.jpg"></a><div class="product-tile__product-photo-tinter"></div><div class="product-tile__quick-add"><div class="product-tile__quick-add-count is-transparent"><div class="product-tile__quick-add-quantity"><div class="product-tile__quantity-spinner product-tile__quantity-spinner__quantity js-quantity-indicator">1</div><div class="product-tile__quantity-spinner product-tile__quantity-spinner__previous-quantity js-quantity-indicator">1</div></div><div class="product-tile__quick-add-quantity-label"><div class="product-tile__quick-add-quantity-label-result">added</div><div class="product-tile__quick-add-quantity-label-summary">in your basket</div></div><div class="product-tile__quick-add-gift"><i class="icon icon-share-gift"></i></div><div class="product-tile__quick-add-gift-label"><div class="product-tile__quick-add-gift-summary">Gift in your basket</div></div></div><div class="product-tile__quick-add-buttons"><button class="btn product-tile__quick-add-button product-tile__quick-add-button-remove js-product-tile__quick-remove"><div class="product-tile__quick-add-minus"></div></button><button class="btn product-tile__quick-add-button product-tile__quick-add-button-add js-product-tile__quick-add"><div class="product-tile__quick-add-plus"></div></button></div></div></div><div class="product-tile__product-info"><div class="product-tile__product-name-and-details"><a class="js-producer-link" href="https://www.goodeggs.com/viveorganicsfbay"><div class="product-tile__producer-name">Vive Organic</div></a><a class="js-product-link" href="https://www.goodeggs.com/sfbay/viveorganicsfbay/elderberry-boost-4-pack/608c64dc282e1e0012b89e93"><h5 class="product-tile__product-name">Elderberry Boost 4-Pack</h5></a></div><div class="product-tile__price-info product-tile-collapsing-row clearfix"><div class="product-tile__purchase-price product-tile-collapsing-row__fixed-right"><div class="split-price"><span class="split-price__dollars">13</span><span class="split-price__cents">99</span></div></div><div class="product-tile__comparison-price product-tile-collapsing-row__secondary-info"><span class="price-per">$1.74 </span>/ <span class="per-unit">fl oz</span></div><div class="product-tile__purchase-unit product-tile-collapsing-row__primary-info">4 count</div></div></div></div></div></div></div></div><div id="protein-powders" class="section-page"><div class="product-listings-view__section-anchor" id="health-home-wellness-protein-powders"></div><h3 class="listings-section-header">Protein Powders</h3><div class="page"><div class="grid-items"><div class="grid-item lazyloaded" data-product-id="5eaca531ed6043000e7a9087"><div class="product-tile product-tile--compact product-tile--market" data-id="5eaca531ed6043000e7a9087"><div class="product-tile__favorite not-favorited"><div><div class="product-tile__favorite-circle"><svg class="product-tile__favorite-heart" viewBox="8.9 7.8 18 16.633654"><path d="m 17.89989,23.433653 c 0.631042,-0.630881 4.233291,-4.23521 6.485296,-6.486896 2.017605,-2.017765 1.974565,-4.958732 0.140161,-6.783217 -1.834405,-1.8249642 -4.800652,-1.8169641 -6.625457,0.0176 -1.824645,-1.8345641 -4.790892,-1.8425642 -6.625297,-0.0176 -1.8344041,1.824485 -1.8772842,4.765452 0.140161,6.783217 2.251845,2.251686 5.854574,5.856015 6.485136,6.486896 l 0,0 z"></path></svg></div></div></div><div class="product-tile__product-visuals"><a href="https://www.goodeggs.com/sfbay/aloha/chocolate-plant-based-protein-powder/5eaca531ed6043000e7a9087" class="js-product-tile__product-photo-wrapper js-product-photo-link js-product-link" data-alt="Chocolate Plant Based Protein Powder" data-src="https://goodeggs4.imgix.net/2092b195-ed17-422d-9ade-9bffca689323.jpg?w=380&amp;h=238&amp;fm=jpg&amp;auto=compress&amp;fit=crop"><img class="product-tile__product-photo" alt="Chocolate Plant Based Protein Powder" src="./Health &amp; Home _ SF Bay _ Good Eggs_files/2092b195-ed17-422d-9ade-9bffca689323.jpg"></a><div class="product-tile__product-photo-tinter"></div><div class="product-tile__quick-add"><div class="product-tile__quick-add-count is-transparent"><div class="product-tile__quick-add-quantity"><div class="product-tile__quantity-spinner product-tile__quantity-spinner__quantity js-quantity-indicator">1</div><div class="product-tile__quantity-spinner product-tile__quantity-spinner__previous-quantity js-quantity-indicator">1</div></div><div class="product-tile__quick-add-quantity-label"><div class="product-tile__quick-add-quantity-label-result">added</div><div class="product-tile__quick-add-quantity-label-summary">in your basket</div></div><div class="product-tile__quick-add-gift"><i class="icon icon-share-gift"></i></div><div class="product-tile__quick-add-gift-label"><div class="product-tile__quick-add-gift-summary">Gift in your basket</div></div></div><div class="product-tile__quick-add-buttons"><button class="btn product-tile__quick-add-button product-tile__quick-add-button-remove js-product-tile__quick-remove"><div class="product-tile__quick-add-minus"></div></button><button class="btn product-tile__quick-add-button product-tile__quick-add-button-add js-product-tile__quick-add"><div class="product-tile__quick-add-plus"></div></button></div></div></div><div class="product-tile__product-info"><div class="product-tile__product-name-and-details"><a class="js-producer-link" href="https://www.goodeggs.com/aloha"><div class="product-tile__producer-name">Aloha </div></a><a class="js-product-link" href="https://www.goodeggs.com/sfbay/aloha/chocolate-plant-based-protein-powder/5eaca531ed6043000e7a9087"><h5 class="product-tile__product-name">Chocolate Plant Based Protein Powder</h5></a></div><div class="product-tile__price-info product-tile-collapsing-row clearfix"><div class="product-tile__purchase-price product-tile-collapsing-row__fixed-right"><div class="split-price"><span class="split-price__dollars">35</span><span class="split-price__cents">99</span></div></div><div class="product-tile__comparison-price product-tile-collapsing-row__secondary-info"><span class="price-per">$1.89 </span>/ <span class="per-unit">oz</span></div><div class="product-tile__purchase-unit product-tile-collapsing-row__primary-info">19 oz</div></div></div></div></div><div class="grid-item lazyloaded" data-product-id="5eaca4e52df849000e68ebd0"><div class="product-tile product-tile--compact product-tile--market" data-id="5eaca4e52df849000e68ebd0"><div class="product-tile__favorite not-favorited"><div><div class="product-tile__favorite-circle"><svg class="product-tile__favorite-heart" viewBox="8.9 7.8 18 16.633654"><path d="m 17.89989,23.433653 c 0.631042,-0.630881 4.233291,-4.23521 6.485296,-6.486896 2.017605,-2.017765 1.974565,-4.958732 0.140161,-6.783217 -1.834405,-1.8249642 -4.800652,-1.8169641 -6.625457,0.0176 -1.824645,-1.8345641 -4.790892,-1.8425642 -6.625297,-0.0176 -1.8344041,1.824485 -1.8772842,4.765452 0.140161,6.783217 2.251845,2.251686 5.854574,5.856015 6.485136,6.486896 l 0,0 z"></path></svg></div></div></div><div class="product-tile__product-visuals"><a href="https://www.goodeggs.com/sfbay/aloha/vanilla-plant-based-protein-powder/5eaca4e52df849000e68ebd0" class="js-product-tile__product-photo-wrapper js-product-photo-link js-product-link" data-alt="Vanilla Plant Based Protein Powder" data-src="https://goodeggs4.imgix.net/722f892d-d2e5-4076-b955-a53f6cc02322.jpg?w=380&amp;h=238&amp;fm=jpg&amp;auto=compress&amp;fit=crop"><img class="product-tile__product-photo" alt="Vanilla Plant Based Protein Powder" src="./Health &amp; Home _ SF Bay _ Good Eggs_files/722f892d-d2e5-4076-b955-a53f6cc02322.jpg"></a><div class="product-tile__product-photo-tinter"></div><div class="product-tile__quick-add"><div class="product-tile__quick-add-count is-transparent"><div class="product-tile__quick-add-quantity"><div class="product-tile__quantity-spinner product-tile__quantity-spinner__quantity js-quantity-indicator">1</div><div class="product-tile__quantity-spinner product-tile__quantity-spinner__previous-quantity js-quantity-indicator">1</div></div><div class="product-tile__quick-add-quantity-label"><div class="product-tile__quick-add-quantity-label-result">added</div><div class="product-tile__quick-add-quantity-label-summary">in your basket</div></div><div class="product-tile__quick-add-gift"><i class="icon icon-share-gift"></i></div><div class="product-tile__quick-add-gift-label"><div class="product-tile__quick-add-gift-summary">Gift in your basket</div></div></div><div class="product-tile__quick-add-buttons"><button class="btn product-tile__quick-add-button product-tile__quick-add-button-remove js-product-tile__quick-remove"><div class="product-tile__quick-add-minus"></div></button><button class="btn product-tile__quick-add-button product-tile__quick-add-button-add js-product-tile__quick-add"><div class="product-tile__quick-add-plus"></div></button></div></div></div><div class="product-tile__product-info"><div class="product-tile__product-name-and-details"><a class="js-producer-link" href="https://www.goodeggs.com/aloha"><div class="product-tile__producer-name">Aloha </div></a><a class="js-product-link" href="https://www.goodeggs.com/sfbay/aloha/vanilla-plant-based-protein-powder/5eaca4e52df849000e68ebd0"><h5 class="product-tile__product-name">Vanilla Plant Based Protein Powder</h5></a></div><div class="product-tile__price-info product-tile-collapsing-row clearfix"><div class="product-tile__purchase-price product-tile-collapsing-row__fixed-right"><div class="split-price"><span class="split-price__dollars">35</span><span class="split-price__cents">99</span></div></div><div class="product-tile__comparison-price product-tile-collapsing-row__secondary-info"><span class="price-per">$1.94 </span>/ <span class="per-unit">oz</span></div><div class="product-tile__purchase-unit product-tile-collapsing-row__primary-info">18.5 oz</div></div></div></div></div><div class="grid-item lazyloaded" data-product-id="5f9234942d71e9000e321f7d"><div class="product-tile product-tile--compact product-tile--market" data-id="5f9234942d71e9000e321f7d"><div class="product-tile__favorite not-favorited"><div><div class="product-tile__favorite-circle"><svg class="product-tile__favorite-heart" viewBox="8.9 7.8 18 16.633654"><path d="m 17.89989,23.433653 c 0.631042,-0.630881 4.233291,-4.23521 6.485296,-6.486896 2.017605,-2.017765 1.974565,-4.958732 0.140161,-6.783217 -1.834405,-1.8249642 -4.800652,-1.8169641 -6.625457,0.0176 -1.824645,-1.8345641 -4.790892,-1.8425642 -6.625297,-0.0176 -1.8344041,1.824485 -1.8772842,4.765452 0.140161,6.783217 2.251845,2.251686 5.854574,5.856015 6.485136,6.486896 l 0,0 z"></path></svg></div></div></div><div class="product-tile__product-visuals"><a href="https://www.goodeggs.com/sfbay/oraorganic/vanilla-protein-powder/5f9234942d71e9000e321f7d" class="js-product-tile__product-photo-wrapper js-product-photo-link js-product-link" data-alt="Vanilla Protein Powder" data-src="https://goodeggs4.imgix.net/6b584e27-7b77-4aa0-aaf9-556f8fdce2bf.jpg?w=380&amp;h=238&amp;fm=jpg&amp;auto=compress&amp;fit=crop"><img class="product-tile__product-photo" alt="Vanilla Protein Powder" src="./Health &amp; Home _ SF Bay _ Good Eggs_files/6b584e27-7b77-4aa0-aaf9-556f8fdce2bf.jpg"></a><div class="product-tile__product-photo-tinter"></div><div class="product-tile__quick-add"><div class="product-tile__quick-add-count is-transparent"><div class="product-tile__quick-add-quantity"><div class="product-tile__quantity-spinner product-tile__quantity-spinner__quantity js-quantity-indicator">1</div><div class="product-tile__quantity-spinner product-tile__quantity-spinner__previous-quantity js-quantity-indicator">1</div></div><div class="product-tile__quick-add-quantity-label"><div class="product-tile__quick-add-quantity-label-result">added</div><div class="product-tile__quick-add-quantity-label-summary">in your basket</div></div><div class="product-tile__quick-add-gift"><i class="icon icon-share-gift"></i></div><div class="product-tile__quick-add-gift-label"><div class="product-tile__quick-add-gift-summary">Gift in your basket</div></div></div><div class="product-tile__quick-add-buttons"><button class="btn product-tile__quick-add-button product-tile__quick-add-button-remove js-product-tile__quick-remove"><div class="product-tile__quick-add-minus"></div></button><button class="btn product-tile__quick-add-button product-tile__quick-add-button-add js-product-tile__quick-add"><div class="product-tile__quick-add-plus"></div></button></div></div></div><div class="product-tile__product-info"><div class="product-tile__product-name-and-details"><a class="js-producer-link" href="https://www.goodeggs.com/oraorganic"><div class="product-tile__producer-name">Ora Organic</div></a><a class="js-product-link" href="https://www.goodeggs.com/sfbay/oraorganic/vanilla-protein-powder/5f9234942d71e9000e321f7d"><h5 class="product-tile__product-name">Vanilla Protein Powder</h5></a></div><div class="product-tile__price-info product-tile-collapsing-row clearfix"><div class="product-tile__purchase-price product-tile-collapsing-row__fixed-right"><div class="split-price"><span class="split-price__dollars">37</span><span class="split-price__cents">99</span></div></div><div class="product-tile__purchase-unit product-tile-collapsing-row__primary-info">21.2 oz</div></div></div></div></div><div class="grid-item lazyloaded" data-product-id="5e7ab93dca280b000e899116"><div class="product-tile product-tile--compact product-tile--market" data-id="5e7ab93dca280b000e899116"><div class="product-tile__favorite not-favorited"><div><div class="product-tile__favorite-circle"><svg class="product-tile__favorite-heart" viewBox="8.9 7.8 18 16.633654"><path d="m 17.89989,23.433653 c 0.631042,-0.630881 4.233291,-4.23521 6.485296,-6.486896 2.017605,-2.017765 1.974565,-4.958732 0.140161,-6.783217 -1.834405,-1.8249642 -4.800652,-1.8169641 -6.625457,0.0176 -1.824645,-1.8345641 -4.790892,-1.8425642 -6.625297,-0.0176 -1.8344041,1.824485 -1.8772842,4.765452 0.140161,6.783217 2.251845,2.251686 5.854574,5.856015 6.485136,6.486896 l 0,0 z"></path></svg></div></div></div><div class="product-tile__product-visuals"><a href="https://www.goodeggs.com/sfbay/primalkitchensfbay/chocolate-coconut-collagen-fuel-canister/5e7ab93dca280b000e899116" class="js-product-tile__product-photo-wrapper js-product-photo-link js-product-link" data-alt="Chocolate Coconut Collagen Fuel Canister" data-src="https://goodeggs4.imgix.net/bfeef151-f8f9-45a7-a69b-83836ef51db5.jpg?w=380&amp;h=238&amp;fm=jpg&amp;auto=compress&amp;fit=crop"><img class="product-tile__product-photo" alt="Chocolate Coconut Collagen Fuel Canister" src="./Health &amp; Home _ SF Bay _ Good Eggs_files/bfeef151-f8f9-45a7-a69b-83836ef51db5.jpg"></a><div class="product-tile__product-photo-tinter"></div><div class="product-tile__quick-add"><div class="product-tile__quick-add-count is-transparent"><div class="product-tile__quick-add-quantity"><div class="product-tile__quantity-spinner product-tile__quantity-spinner__quantity js-quantity-indicator">1</div><div class="product-tile__quantity-spinner product-tile__quantity-spinner__previous-quantity js-quantity-indicator">1</div></div><div class="product-tile__quick-add-quantity-label"><div class="product-tile__quick-add-quantity-label-result">added</div><div class="product-tile__quick-add-quantity-label-summary">in your basket</div></div><div class="product-tile__quick-add-gift"><i class="icon icon-share-gift"></i></div><div class="product-tile__quick-add-gift-label"><div class="product-tile__quick-add-gift-summary">Gift in your basket</div></div></div><div class="product-tile__quick-add-buttons"><button class="btn product-tile__quick-add-button product-tile__quick-add-button-remove js-product-tile__quick-remove"><div class="product-tile__quick-add-minus"></div></button><button class="btn product-tile__quick-add-button product-tile__quick-add-button-add js-product-tile__quick-add"><div class="product-tile__quick-add-plus"></div></button></div></div></div><div class="product-tile__product-info"><div class="product-tile__product-name-and-details"><a class="js-producer-link" href="https://www.goodeggs.com/primalkitchensfbay"><div class="product-tile__producer-name">Primal Kitchen</div></a><a class="js-product-link" href="https://www.goodeggs.com/sfbay/primalkitchensfbay/chocolate-coconut-collagen-fuel-canister/5e7ab93dca280b000e899116"><h5 class="product-tile__product-name">Chocolate Coconut Collagen Fuel Canister</h5></a></div><div class="product-tile__price-info product-tile-collapsing-row clearfix"><div class="product-tile__purchase-price product-tile-collapsing-row__fixed-right"><div class="split-price"><span class="split-price__dollars">39</span><span class="split-price__cents">99</span></div></div><div class="product-tile__comparison-price product-tile-collapsing-row__secondary-info"><span class="price-per">$2.87 </span>/ <span class="per-unit">oz</span></div><div class="product-tile__purchase-unit product-tile-collapsing-row__primary-info">13.9 oz</div></div></div></div></div><div class="grid-item lazyloaded" data-product-id="5e9646b5bd63a5000e153508"><div class="product-tile product-tile--compact product-tile--market" data-id="5e9646b5bd63a5000e153508"><div class="product-tile__favorite not-favorited"><div><div class="product-tile__favorite-circle"><svg class="product-tile__favorite-heart" viewBox="8.9 7.8 18 16.633654"><path d="m 17.89989,23.433653 c 0.631042,-0.630881 4.233291,-4.23521 6.485296,-6.486896 2.017605,-2.017765 1.974565,-4.958732 0.140161,-6.783217 -1.834405,-1.8249642 -4.800652,-1.8169641 -6.625457,0.0176 -1.824645,-1.8345641 -4.790892,-1.8425642 -6.625297,-0.0176 -1.8344041,1.824485 -1.8772842,4.765452 0.140161,6.783217 2.251845,2.251686 5.854574,5.856015 6.485136,6.486896 l 0,0 z"></path></svg></div></div></div><div class="product-tile__product-visuals"><a href="https://www.goodeggs.com/sfbay/primalkitchensfbay/vanilla-coconut-collagen-fuel-canister/5e9646b5bd63a5000e153508" class="js-product-tile__product-photo-wrapper js-product-photo-link js-product-link" data-alt="Vanilla Coconut Collagen Fuel Canister" data-src="https://goodeggs4.imgix.net/f5c850f1-a1bd-4a4a-bde8-b22d9a28e85c.jpg?w=380&amp;h=238&amp;fm=jpg&amp;auto=compress&amp;fit=crop"><img class="product-tile__product-photo" alt="Vanilla Coconut Collagen Fuel Canister" src="./Health &amp; Home _ SF Bay _ Good Eggs_files/f5c850f1-a1bd-4a4a-bde8-b22d9a28e85c.jpg"></a><div class="product-tile__product-photo-tinter"></div><div class="product-tile__quick-add"><div class="product-tile__quick-add-count is-transparent"><div class="product-tile__quick-add-quantity"><div class="product-tile__quantity-spinner product-tile__quantity-spinner__quantity js-quantity-indicator">1</div><div class="product-tile__quantity-spinner product-tile__quantity-spinner__previous-quantity js-quantity-indicator">1</div></div><div class="product-tile__quick-add-quantity-label"><div class="product-tile__quick-add-quantity-label-result">added</div><div class="product-tile__quick-add-quantity-label-summary">in your basket</div></div><div class="product-tile__quick-add-gift"><i class="icon icon-share-gift"></i></div><div class="product-tile__quick-add-gift-label"><div class="product-tile__quick-add-gift-summary">Gift in your basket</div></div></div><div class="product-tile__quick-add-buttons"><button class="btn product-tile__quick-add-button product-tile__quick-add-button-remove js-product-tile__quick-remove"><div class="product-tile__quick-add-minus"></div></button><button class="btn product-tile__quick-add-button product-tile__quick-add-button-add js-product-tile__quick-add"><div class="product-tile__quick-add-plus"></div></button></div></div></div><div class="product-tile__product-info"><div class="product-tile__product-name-and-details"><a class="js-producer-link" href="https://www.goodeggs.com/primalkitchensfbay"><div class="product-tile__producer-name">Primal Kitchen</div></a><a class="js-product-link" href="https://www.goodeggs.com/sfbay/primalkitchensfbay/vanilla-coconut-collagen-fuel-canister/5e9646b5bd63a5000e153508"><h5 class="product-tile__product-name">Vanilla Coconut Collagen Fuel Canister</h5></a></div><div class="product-tile__price-info product-tile-collapsing-row clearfix"><div class="product-tile__purchase-price product-tile-collapsing-row__fixed-right"><div class="split-price"><span class="split-price__dollars">39</span><span class="split-price__cents">99</span></div></div><div class="product-tile__comparison-price product-tile-collapsing-row__secondary-info"><span class="price-per">$3.05 </span>/ <span class="per-unit">oz</span></div><div class="product-tile__purchase-unit product-tile-collapsing-row__primary-info">13.1 oz</div></div></div></div></div><div class="grid-item lazyloaded" data-product-id="5e964e324340ce000e34a0b0"><div class="product-tile product-tile--compact product-tile--market" data-id="5e964e324340ce000e34a0b0"><div class="product-tile__favorite not-favorited"><div><div class="product-tile__favorite-circle"><svg class="product-tile__favorite-heart" viewBox="8.9 7.8 18 16.633654"><path d="m 17.89989,23.433653 c 0.631042,-0.630881 4.233291,-4.23521 6.485296,-6.486896 2.017605,-2.017765 1.974565,-4.958732 0.140161,-6.783217 -1.834405,-1.8249642 -4.800652,-1.8169641 -6.625457,0.0176 -1.824645,-1.8345641 -4.790892,-1.8425642 -6.625297,-0.0176 -1.8344041,1.824485 -1.8772842,4.765452 0.140161,6.783217 2.251845,2.251686 5.854574,5.856015 6.485136,6.486896 l 0,0 z"></path></svg></div></div></div><div class="product-tile__product-visuals"><a href="https://www.goodeggs.com/sfbay/primalkitchensfbay/vanilla-coconut-collagen-fuel-single-serve/5e964e324340ce000e34a0b0" class="js-product-tile__product-photo-wrapper js-product-photo-link js-product-link" data-alt="Vanilla Coconut Collagen Fuel, Single Serve" data-src="https://goodeggs4.imgix.net/91249e6b-8060-4d90-a0ec-3eee536b4ab5.jpg?w=380&amp;h=238&amp;fm=jpg&amp;auto=compress&amp;fit=crop"><img class="product-tile__product-photo" alt="Vanilla Coconut Collagen Fuel, Single Serve" src="./Health &amp; Home _ SF Bay _ Good Eggs_files/91249e6b-8060-4d90-a0ec-3eee536b4ab5.jpg"></a><div class="product-tile__product-photo-tinter"></div><div class="product-tile__quick-add"><div class="product-tile__quick-add-count is-transparent"><div class="product-tile__quick-add-quantity"><div class="product-tile__quantity-spinner product-tile__quantity-spinner__quantity js-quantity-indicator">1</div><div class="product-tile__quantity-spinner product-tile__quantity-spinner__previous-quantity js-quantity-indicator">1</div></div><div class="product-tile__quick-add-quantity-label"><div class="product-tile__quick-add-quantity-label-result">added</div><div class="product-tile__quick-add-quantity-label-summary">in your basket</div></div><div class="product-tile__quick-add-gift"><i class="icon icon-share-gift"></i></div><div class="product-tile__quick-add-gift-label"><div class="product-tile__quick-add-gift-summary">Gift in your basket</div></div></div><div class="product-tile__quick-add-buttons"><button class="btn product-tile__quick-add-button product-tile__quick-add-button-remove js-product-tile__quick-remove"><div class="product-tile__quick-add-minus"></div></button><button class="btn product-tile__quick-add-button product-tile__quick-add-button-add js-product-tile__quick-add"><div class="product-tile__quick-add-plus"></div></button></div></div></div><div class="product-tile__product-info"><div class="product-tile__product-name-and-details"><a class="js-producer-link" href="https://www.goodeggs.com/primalkitchensfbay"><div class="product-tile__producer-name">Primal Kitchen</div></a><a class="js-product-link" href="https://www.goodeggs.com/sfbay/primalkitchensfbay/vanilla-coconut-collagen-fuel-single-serve/5e964e324340ce000e34a0b0"><h5 class="product-tile__product-name">Vanilla Coconut Collagen Fuel, Single Serve</h5></a></div><div class="product-tile__price-info product-tile-collapsing-row clearfix"><div class="product-tile__purchase-price product-tile-collapsing-row__fixed-right"><div class="split-price"><span class="split-price__dollars">34</span><span class="split-price__cents">99</span></div></div><div class="product-tile__comparison-price product-tile-collapsing-row__secondary-info"><span class="price-per">$5.39 </span>/ <span class="per-unit">oz</span></div><div class="product-tile__purchase-unit product-tile-collapsing-row__primary-info">12 count</div></div></div></div></div><div class="grid-item lazyloaded" data-product-id="5e964c184340ce000e34a08f"><div class="product-tile product-tile--compact product-tile--market" data-id="5e964c184340ce000e34a08f"><div class="product-tile__favorite not-favorited"><div><div class="product-tile__favorite-circle"><svg class="product-tile__favorite-heart" viewBox="8.9 7.8 18 16.633654"><path d="m 17.89989,23.433653 c 0.631042,-0.630881 4.233291,-4.23521 6.485296,-6.486896 2.017605,-2.017765 1.974565,-4.958732 0.140161,-6.783217 -1.834405,-1.8249642 -4.800652,-1.8169641 -6.625457,0.0176 -1.824645,-1.8345641 -4.790892,-1.8425642 -6.625297,-0.0176 -1.8344041,1.824485 -1.8772842,4.765452 0.140161,6.783217 2.251845,2.251686 5.854574,5.856015 6.485136,6.486896 l 0,0 z"></path></svg></div></div></div><div class="product-tile__product-visuals"><a href="https://www.goodeggs.com/sfbay/primalkitchensfbay/chocolate-coconut-collagen-fuel-single-serve/5e964c184340ce000e34a08f" class="js-product-tile__product-photo-wrapper js-product-photo-link js-product-link" data-alt="Chocolate Coconut Collagen Fuel, Single Serve" data-src="https://goodeggs4.imgix.net/1044e8a2-a043-4ac5-9ba5-cd4545265515.jpg?w=380&amp;h=238&amp;fm=jpg&amp;auto=compress&amp;fit=crop"><img class="product-tile__product-photo" alt="Chocolate Coconut Collagen Fuel, Single Serve" src="./Health &amp; Home _ SF Bay _ Good Eggs_files/1044e8a2-a043-4ac5-9ba5-cd4545265515.jpg"></a><div class="product-tile__product-photo-tinter"></div><div class="product-tile__quick-add"><div class="product-tile__quick-add-count is-transparent"><div class="product-tile__quick-add-quantity"><div class="product-tile__quantity-spinner product-tile__quantity-spinner__quantity js-quantity-indicator">1</div><div class="product-tile__quantity-spinner product-tile__quantity-spinner__previous-quantity js-quantity-indicator">1</div></div><div class="product-tile__quick-add-quantity-label"><div class="product-tile__quick-add-quantity-label-result">added</div><div class="product-tile__quick-add-quantity-label-summary">in your basket</div></div><div class="product-tile__quick-add-gift"><i class="icon icon-share-gift"></i></div><div class="product-tile__quick-add-gift-label"><div class="product-tile__quick-add-gift-summary">Gift in your basket</div></div></div><div class="product-tile__quick-add-buttons"><button class="btn product-tile__quick-add-button product-tile__quick-add-button-remove js-product-tile__quick-remove"><div class="product-tile__quick-add-minus"></div></button><button class="btn product-tile__quick-add-button product-tile__quick-add-button-add js-product-tile__quick-add"><div class="product-tile__quick-add-plus"></div></button></div></div></div><div class="product-tile__product-info"><div class="product-tile__product-name-and-details"><a class="js-producer-link" href="https://www.goodeggs.com/primalkitchensfbay"><div class="product-tile__producer-name">Primal Kitchen</div></a><a class="js-product-link" href="https://www.goodeggs.com/sfbay/primalkitchensfbay/chocolate-coconut-collagen-fuel-single-serve/5e964c184340ce000e34a08f"><h5 class="product-tile__product-name">Chocolate Coconut Collagen Fuel, Single Serve</h5></a></div><div class="product-tile__price-info product-tile-collapsing-row clearfix"><div class="product-tile__purchase-price product-tile-collapsing-row__fixed-right"><div class="split-price"><span class="split-price__dollars">34</span><span class="split-price__cents">99</span></div></div><div class="product-tile__comparison-price product-tile-collapsing-row__secondary-info"><span class="price-per">$5.02 </span>/ <span class="per-unit">oz</span></div><div class="product-tile__purchase-unit product-tile-collapsing-row__primary-info">12 count</div></div></div></div></div></div></div></div></div><div class="product-tiles"><div class="product-listings-view__subcategory-anchor" id="health-home-bath-body"></div><h2 class="listings-section-header">Bath &amp; Body</h2><div id="bath-aromatherapy" class="section-page"><div class="product-listings-view__section-anchor" id="health-home-bath-body-bath-aromatherapy"></div><h3 class="listings-section-header">Essential Oils &amp; Aromatherapy</h3><div class="page"><div class="grid-items"><div class="grid-item lazyloaded" data-product-id="5fbc4a6d13d510000e62ee14"><div class="product-tile product-tile--compact product-tile--market" data-id="5fbc4a6d13d510000e62ee14"><div class="product-tile__favorite not-favorited"><div><div class="product-tile__favorite-circle"><svg class="product-tile__favorite-heart" viewBox="8.9 7.8 18 16.633654"><path d="m 17.89989,23.433653 c 0.631042,-0.630881 4.233291,-4.23521 6.485296,-6.486896 2.017605,-2.017765 1.974565,-4.958732 0.140161,-6.783217 -1.834405,-1.8249642 -4.800652,-1.8169641 -6.625457,0.0176 -1.824645,-1.8345641 -4.790892,-1.8425642 -6.625297,-0.0176 -1.8344041,1.824485 -1.8772842,4.765452 0.140161,6.783217 2.251845,2.251686 5.854574,5.856015 6.485136,6.486896 l 0,0 z"></path></svg></div></div></div><div class="product-tile__product-visuals"><a href="https://www.goodeggs.com/sfbay/omwellness/cbd-infused-athletic-epsom-salt/5fbc4a6d13d510000e62ee14" class="js-product-tile__product-photo-wrapper js-product-photo-link js-product-link" data-alt="CBD Infused Athletic Epsom Salt" data-src="https://goodeggs4.imgix.net/2f86c78d-1080-460a-a116-e0624b2295e7.jpg?w=380&amp;h=238&amp;fm=jpg&amp;auto=compress&amp;fit=crop"><img class="product-tile__product-photo" alt="CBD Infused Athletic Epsom Salt" src="./Health &amp; Home _ SF Bay _ Good Eggs_files/2f86c78d-1080-460a-a116-e0624b2295e7.jpg"></a><div class="product-tile__product-photo-tinter"></div><div class="product-tile__quick-add"><div class="product-tile__quick-add-count is-transparent"><div class="product-tile__quick-add-quantity"><div class="product-tile__quantity-spinner product-tile__quantity-spinner__quantity js-quantity-indicator">1</div><div class="product-tile__quantity-spinner product-tile__quantity-spinner__previous-quantity js-quantity-indicator">1</div></div><div class="product-tile__quick-add-quantity-label"><div class="product-tile__quick-add-quantity-label-result">added</div><div class="product-tile__quick-add-quantity-label-summary">in your basket</div></div><div class="product-tile__quick-add-gift"><i class="icon icon-share-gift"></i></div><div class="product-tile__quick-add-gift-label"><div class="product-tile__quick-add-gift-summary">Gift in your basket</div></div></div><div class="product-tile__quick-add-buttons"><button class="btn product-tile__quick-add-button product-tile__quick-add-button-remove js-product-tile__quick-remove"><div class="product-tile__quick-add-minus"></div></button><button class="btn product-tile__quick-add-button product-tile__quick-add-button-add js-product-tile__quick-add"><div class="product-tile__quick-add-plus"></div></button></div></div></div><div class="product-tile__product-info"><div class="product-tile__product-name-and-details"><a class="js-producer-link" href="https://www.goodeggs.com/omwellness"><div class="product-tile__producer-name">OM Wellness</div></a><a class="js-product-link" href="https://www.goodeggs.com/sfbay/omwellness/cbd-infused-athletic-epsom-salt/5fbc4a6d13d510000e62ee14"><h5 class="product-tile__product-name">CBD Infused Athletic Epsom Salt</h5></a></div><div class="product-tile__price-info product-tile-collapsing-row clearfix"><div class="product-tile__purchase-price product-tile-collapsing-row__fixed-right"><div class="split-price"><span class="split-price__dollars">11</span><span class="split-price__cents">99</span></div></div><div class="product-tile__purchase-unit product-tile-collapsing-row__primary-info">6.5 oz</div></div></div></div></div><div class="grid-item lazyloaded" data-product-id="5fbc4c0d8feb8f000e7e5bb0"><div class="product-tile product-tile--compact product-tile--market" data-id="5fbc4c0d8feb8f000e7e5bb0"><div class="product-tile__favorite not-favorited"><div><div class="product-tile__favorite-circle"><svg class="product-tile__favorite-heart" viewBox="8.9 7.8 18 16.633654"><path d="m 17.89989,23.433653 c 0.631042,-0.630881 4.233291,-4.23521 6.485296,-6.486896 2.017605,-2.017765 1.974565,-4.958732 0.140161,-6.783217 -1.834405,-1.8249642 -4.800652,-1.8169641 -6.625457,0.0176 -1.824645,-1.8345641 -4.790892,-1.8425642 -6.625297,-0.0176 -1.8344041,1.824485 -1.8772842,4.765452 0.140161,6.783217 2.251845,2.251686 5.854574,5.856015 6.485136,6.486896 l 0,0 z"></path></svg></div></div></div><div class="product-tile__product-visuals"><a href="https://www.goodeggs.com/sfbay/omwellness/cbd-infused-lavender-epsom-salt/5fbc4c0d8feb8f000e7e5bb0" class="js-product-tile__product-photo-wrapper js-product-photo-link js-product-link" data-alt="CBD Infused Lavender Epsom Salt" data-src="https://goodeggs4.imgix.net/0c0d03f3-f437-4388-a7c8-cdff47e6a499.jpg?w=380&amp;h=238&amp;fm=jpg&amp;auto=compress&amp;fit=crop"><img class="product-tile__product-photo" alt="CBD Infused Lavender Epsom Salt" src="./Health &amp; Home _ SF Bay _ Good Eggs_files/0c0d03f3-f437-4388-a7c8-cdff47e6a499.jpg"></a><div class="product-tile__product-photo-tinter"></div><div class="product-tile__quick-add"><div class="product-tile__quick-add-count is-transparent"><div class="product-tile__quick-add-quantity"><div class="product-tile__quantity-spinner product-tile__quantity-spinner__quantity js-quantity-indicator">1</div><div class="product-tile__quantity-spinner product-tile__quantity-spinner__previous-quantity js-quantity-indicator">1</div></div><div class="product-tile__quick-add-quantity-label"><div class="product-tile__quick-add-quantity-label-result">added</div><div class="product-tile__quick-add-quantity-label-summary">in your basket</div></div><div class="product-tile__quick-add-gift"><i class="icon icon-share-gift"></i></div><div class="product-tile__quick-add-gift-label"><div class="product-tile__quick-add-gift-summary">Gift in your basket</div></div></div><div class="product-tile__quick-add-buttons"><button class="btn product-tile__quick-add-button product-tile__quick-add-button-remove js-product-tile__quick-remove"><div class="product-tile__quick-add-minus"></div></button><button class="btn product-tile__quick-add-button product-tile__quick-add-button-add js-product-tile__quick-add"><div class="product-tile__quick-add-plus"></div></button></div></div></div><div class="product-tile__product-info"><div class="product-tile__product-name-and-details"><a class="js-producer-link" href="https://www.goodeggs.com/omwellness"><div class="product-tile__producer-name">OM Wellness</div></a><a class="js-product-link" href="https://www.goodeggs.com/sfbay/omwellness/cbd-infused-lavender-epsom-salt/5fbc4c0d8feb8f000e7e5bb0"><h5 class="product-tile__product-name">CBD Infused Lavender Epsom Salt</h5></a></div><div class="product-tile__price-info product-tile-collapsing-row clearfix"><div class="product-tile__purchase-price product-tile-collapsing-row__fixed-right"><div class="split-price"><span class="split-price__dollars">11</span><span class="split-price__cents">99</span></div></div><div class="product-tile__purchase-unit product-tile-collapsing-row__primary-info">6.5 oz</div></div></div></div></div><div class="grid-item lazyloaded" data-product-id="5fbc49dc8feb8f000e7e5b45"><div class="product-tile product-tile--compact product-tile--market" data-id="5fbc49dc8feb8f000e7e5b45"><div class="product-tile__favorite not-favorited"><div><div class="product-tile__favorite-circle"><svg class="product-tile__favorite-heart" viewBox="8.9 7.8 18 16.633654"><path d="m 17.89989,23.433653 c 0.631042,-0.630881 4.233291,-4.23521 6.485296,-6.486896 2.017605,-2.017765 1.974565,-4.958732 0.140161,-6.783217 -1.834405,-1.8249642 -4.800652,-1.8169641 -6.625457,0.0176 -1.824645,-1.8345641 -4.790892,-1.8425642 -6.625297,-0.0176 -1.8344041,1.824485 -1.8772842,4.765452 0.140161,6.783217 2.251845,2.251686 5.854574,5.856015 6.485136,6.486896 l 0,0 z"></path></svg></div></div></div><div class="product-tile__product-visuals"><a href="https://www.goodeggs.com/sfbay/omwellness/cbd-infused-rose-geranium-epsom-salt/5fbc49dc8feb8f000e7e5b45" class="js-product-tile__product-photo-wrapper js-product-photo-link js-product-link" data-alt="CBD Infused Rose Geranium Epsom Salt" data-src="https://goodeggs4.imgix.net/404fd635-1bb2-4f47-a293-298cea50ca5e.jpg?w=380&amp;h=238&amp;fm=jpg&amp;auto=compress&amp;fit=crop"><img class="product-tile__product-photo" alt="CBD Infused Rose Geranium Epsom Salt" src="./Health &amp; Home _ SF Bay _ Good Eggs_files/404fd635-1bb2-4f47-a293-298cea50ca5e.jpg"></a><div class="product-tile__product-photo-tinter"></div><div class="product-tile__quick-add"><div class="product-tile__quick-add-count is-transparent"><div class="product-tile__quick-add-quantity"><div class="product-tile__quantity-spinner product-tile__quantity-spinner__quantity js-quantity-indicator">1</div><div class="product-tile__quantity-spinner product-tile__quantity-spinner__previous-quantity js-quantity-indicator">1</div></div><div class="product-tile__quick-add-quantity-label"><div class="product-tile__quick-add-quantity-label-result">added</div><div class="product-tile__quick-add-quantity-label-summary">in your basket</div></div><div class="product-tile__quick-add-gift"><i class="icon icon-share-gift"></i></div><div class="product-tile__quick-add-gift-label"><div class="product-tile__quick-add-gift-summary">Gift in your basket</div></div></div><div class="product-tile__quick-add-buttons"><button class="btn product-tile__quick-add-button product-tile__quick-add-button-remove js-product-tile__quick-remove"><div class="product-tile__quick-add-minus"></div></button><button class="btn product-tile__quick-add-button product-tile__quick-add-button-add js-product-tile__quick-add"><div class="product-tile__quick-add-plus"></div></button></div></div></div><div class="product-tile__product-info"><div class="product-tile__product-name-and-details"><a class="js-producer-link" href="https://www.goodeggs.com/omwellness"><div class="product-tile__producer-name">OM Wellness</div></a><a class="js-product-link" href="https://www.goodeggs.com/sfbay/omwellness/cbd-infused-rose-geranium-epsom-salt/5fbc49dc8feb8f000e7e5b45"><h5 class="product-tile__product-name">CBD Infused Rose Geranium Epsom Salt</h5></a></div><div class="product-tile__price-info product-tile-collapsing-row clearfix"><div class="product-tile__purchase-price product-tile-collapsing-row__fixed-right"><div class="split-price"><span class="split-price__dollars">11</span><span class="split-price__cents">99</span></div></div><div class="product-tile__purchase-unit product-tile-collapsing-row__primary-info">6.5 oz</div></div></div></div></div><div class="grid-item lazyloaded" data-product-id="5fbc4b998feb8f000e7e5b86"><div class="product-tile product-tile--compact product-tile--market" data-id="5fbc4b998feb8f000e7e5b86"><div class="product-tile__favorite not-favorited"><div><div class="product-tile__favorite-circle"><svg class="product-tile__favorite-heart" viewBox="8.9 7.8 18 16.633654"><path d="m 17.89989,23.433653 c 0.631042,-0.630881 4.233291,-4.23521 6.485296,-6.486896 2.017605,-2.017765 1.974565,-4.958732 0.140161,-6.783217 -1.834405,-1.8249642 -4.800652,-1.8169641 -6.625457,0.0176 -1.824645,-1.8345641 -4.790892,-1.8425642 -6.625297,-0.0176 -1.8344041,1.824485 -1.8772842,4.765452 0.140161,6.783217 2.251845,2.251686 5.854574,5.856015 6.485136,6.486896 l 0,0 z"></path></svg></div></div></div><div class="product-tile__product-visuals"><a href="https://www.goodeggs.com/sfbay/omwellness/cbd-infused-fragrance-free-epsom-salt/5fbc4b998feb8f000e7e5b86" class="js-product-tile__product-photo-wrapper js-product-photo-link js-product-link" data-alt="CBD Infused Fragrance Free Epsom Salt" data-src="https://goodeggs4.imgix.net/24969782-0f1a-4551-b318-0a07fe0ff4e0.jpg?w=380&amp;h=238&amp;fm=jpg&amp;auto=compress&amp;fit=crop"><img class="product-tile__product-photo" alt="CBD Infused Fragrance Free Epsom Salt" src="./Health &amp; Home _ SF Bay _ Good Eggs_files/24969782-0f1a-4551-b318-0a07fe0ff4e0.jpg"></a><div class="product-tile__product-photo-tinter"></div><div class="product-tile__quick-add"><div class="product-tile__quick-add-count is-transparent"><div class="product-tile__quick-add-quantity"><div class="product-tile__quantity-spinner product-tile__quantity-spinner__quantity js-quantity-indicator">1</div><div class="product-tile__quantity-spinner product-tile__quantity-spinner__previous-quantity js-quantity-indicator">1</div></div><div class="product-tile__quick-add-quantity-label"><div class="product-tile__quick-add-quantity-label-result">added</div><div class="product-tile__quick-add-quantity-label-summary">in your basket</div></div><div class="product-tile__quick-add-gift"><i class="icon icon-share-gift"></i></div><div class="product-tile__quick-add-gift-label"><div class="product-tile__quick-add-gift-summary">Gift in your basket</div></div></div><div class="product-tile__quick-add-buttons"><button class="btn product-tile__quick-add-button product-tile__quick-add-button-remove js-product-tile__quick-remove"><div class="product-tile__quick-add-minus"></div></button><button class="btn product-tile__quick-add-button product-tile__quick-add-button-add js-product-tile__quick-add"><div class="product-tile__quick-add-plus"></div></button></div></div></div><div class="product-tile__product-info"><div class="product-tile__product-name-and-details"><a class="js-producer-link" href="https://www.goodeggs.com/omwellness"><div class="product-tile__producer-name">OM Wellness</div></a><a class="js-product-link" href="https://www.goodeggs.com/sfbay/omwellness/cbd-infused-fragrance-free-epsom-salt/5fbc4b998feb8f000e7e5b86"><h5 class="product-tile__product-name">CBD Infused Fragrance Free Epsom Salt</h5></a></div><div class="product-tile__price-info product-tile-collapsing-row clearfix"><div class="product-tile__purchase-price product-tile-collapsing-row__fixed-right"><div class="split-price"><span class="split-price__dollars">11</span><span class="split-price__cents">99</span></div></div><div class="product-tile__purchase-unit product-tile-collapsing-row__primary-info">6.5 oz</div></div></div></div></div><div class="grid-item lazyloaded" data-product-id="5fbc54389726cd000eb3df5c"><div class="product-tile product-tile--compact product-tile--market" data-id="5fbc54389726cd000eb3df5c"><div class="product-tile__favorite not-favorited"><div><div class="product-tile__favorite-circle"><svg class="product-tile__favorite-heart" viewBox="8.9 7.8 18 16.633654"><path d="m 17.89989,23.433653 c 0.631042,-0.630881 4.233291,-4.23521 6.485296,-6.486896 2.017605,-2.017765 1.974565,-4.958732 0.140161,-6.783217 -1.834405,-1.8249642 -4.800652,-1.8169641 -6.625457,0.0176 -1.824645,-1.8345641 -4.790892,-1.8425642 -6.625297,-0.0176 -1.8344041,1.824485 -1.8772842,4.765452 0.140161,6.783217 2.251845,2.251686 5.854574,5.856015 6.485136,6.486896 l 0,0 z"></path></svg></div></div></div><div class="product-tile__product-visuals"><a href="https://www.goodeggs.com/sfbay/omwellness/cbd-infused-rose-geranium-bath-and-body-oil/5fbc54389726cd000eb3df5c" class="js-product-tile__product-photo-wrapper js-product-photo-link js-product-link" data-alt="CBD Infused Rose Geranium Bath and Body Oil" data-src="https://goodeggs4.imgix.net/9f9f2e30-7f59-4b77-ba4d-e46550a034c6.jpg?w=380&amp;h=238&amp;fm=jpg&amp;auto=compress&amp;fit=crop"><img class="product-tile__product-photo" alt="CBD Infused Rose Geranium Bath and Body Oil" src="./Health &amp; Home _ SF Bay _ Good Eggs_files/9f9f2e30-7f59-4b77-ba4d-e46550a034c6.jpg"></a><div class="product-tile__product-photo-tinter"></div><div class="product-tile__quick-add"><div class="product-tile__quick-add-count is-transparent"><div class="product-tile__quick-add-quantity"><div class="product-tile__quantity-spinner product-tile__quantity-spinner__quantity js-quantity-indicator">1</div><div class="product-tile__quantity-spinner product-tile__quantity-spinner__previous-quantity js-quantity-indicator">1</div></div><div class="product-tile__quick-add-quantity-label"><div class="product-tile__quick-add-quantity-label-result">added</div><div class="product-tile__quick-add-quantity-label-summary">in your basket</div></div><div class="product-tile__quick-add-gift"><i class="icon icon-share-gift"></i></div><div class="product-tile__quick-add-gift-label"><div class="product-tile__quick-add-gift-summary">Gift in your basket</div></div></div><div class="product-tile__quick-add-buttons"><button class="btn product-tile__quick-add-button product-tile__quick-add-button-remove js-product-tile__quick-remove"><div class="product-tile__quick-add-minus"></div></button><button class="btn product-tile__quick-add-button product-tile__quick-add-button-add js-product-tile__quick-add"><div class="product-tile__quick-add-plus"></div></button></div></div></div><div class="product-tile__product-info"><div class="product-tile__product-name-and-details"><a class="js-producer-link" href="https://www.goodeggs.com/omwellness"><div class="product-tile__producer-name">OM Wellness</div></a><a class="js-product-link" href="https://www.goodeggs.com/sfbay/omwellness/cbd-infused-rose-geranium-bath-and-body-oil/5fbc54389726cd000eb3df5c"><h5 class="product-tile__product-name">CBD Infused Rose Geranium Bath and Body Oil</h5></a></div><div class="product-tile__price-info product-tile-collapsing-row clearfix"><div class="product-tile__purchase-price product-tile-collapsing-row__fixed-right"><div class="split-price"><span class="split-price__dollars">33</span><span class="split-price__cents">99</span></div></div><div class="product-tile__purchase-unit product-tile-collapsing-row__primary-info">2 oz</div></div></div></div></div><div class="grid-item lazyloaded" data-product-id="5fbc5016bae6f1000e3ec34d"><div class="product-tile product-tile--compact product-tile--market" data-id="5fbc5016bae6f1000e3ec34d"><div class="product-tile__favorite not-favorited"><div><div class="product-tile__favorite-circle"><svg class="product-tile__favorite-heart" viewBox="8.9 7.8 18 16.633654"><path d="m 17.89989,23.433653 c 0.631042,-0.630881 4.233291,-4.23521 6.485296,-6.486896 2.017605,-2.017765 1.974565,-4.958732 0.140161,-6.783217 -1.834405,-1.8249642 -4.800652,-1.8169641 -6.625457,0.0176 -1.824645,-1.8345641 -4.790892,-1.8425642 -6.625297,-0.0176 -1.8344041,1.824485 -1.8772842,4.765452 0.140161,6.783217 2.251845,2.251686 5.854574,5.856015 6.485136,6.486896 l 0,0 z"></path></svg></div></div></div><div class="product-tile__product-visuals"><a href="https://www.goodeggs.com/sfbay/omwellness/cbd-infused-lavender-bath-and-body-oil/5fbc5016bae6f1000e3ec34d" class="js-product-tile__product-photo-wrapper js-product-photo-link js-product-link" data-alt="CBD Infused Lavender Bath and Body Oil" data-src="https://goodeggs4.imgix.net/340de572-5020-4c01-8a18-f3e32df7a7bd.jpg?w=380&amp;h=238&amp;fm=jpg&amp;auto=compress&amp;fit=crop"><img class="product-tile__product-photo" alt="CBD Infused Lavender Bath and Body Oil" src="./Health &amp; Home _ SF Bay _ Good Eggs_files/340de572-5020-4c01-8a18-f3e32df7a7bd.jpg"></a><div class="product-tile__product-photo-tinter"></div><div class="product-tile__quick-add"><div class="product-tile__quick-add-count is-transparent"><div class="product-tile__quick-add-quantity"><div class="product-tile__quantity-spinner product-tile__quantity-spinner__quantity js-quantity-indicator">1</div><div class="product-tile__quantity-spinner product-tile__quantity-spinner__previous-quantity js-quantity-indicator">1</div></div><div class="product-tile__quick-add-quantity-label"><div class="product-tile__quick-add-quantity-label-result">added</div><div class="product-tile__quick-add-quantity-label-summary">in your basket</div></div><div class="product-tile__quick-add-gift"><i class="icon icon-share-gift"></i></div><div class="product-tile__quick-add-gift-label"><div class="product-tile__quick-add-gift-summary">Gift in your basket</div></div></div><div class="product-tile__quick-add-buttons"><button class="btn product-tile__quick-add-button product-tile__quick-add-button-remove js-product-tile__quick-remove"><div class="product-tile__quick-add-minus"></div></button><button class="btn product-tile__quick-add-button product-tile__quick-add-button-add js-product-tile__quick-add"><div class="product-tile__quick-add-plus"></div></button></div></div></div><div class="product-tile__product-info"><div class="product-tile__product-name-and-details"><a class="js-producer-link" href="https://www.goodeggs.com/omwellness"><div class="product-tile__producer-name">OM Wellness</div></a><a class="js-product-link" href="https://www.goodeggs.com/sfbay/omwellness/cbd-infused-lavender-bath-and-body-oil/5fbc5016bae6f1000e3ec34d"><h5 class="product-tile__product-name">CBD Infused Lavender Bath and Body Oil</h5></a></div><div class="product-tile__price-info product-tile-collapsing-row clearfix"><div class="product-tile__purchase-price product-tile-collapsing-row__fixed-right"><div class="split-price"><span class="split-price__dollars">33</span><span class="split-price__cents">99</span></div></div><div class="product-tile__purchase-unit product-tile-collapsing-row__primary-info">2 oz</div></div></div></div></div><div class="grid-item lazyloaded" data-product-id="5fbc565295876f000f0a5181"><div class="product-tile product-tile--compact product-tile--market" data-id="5fbc565295876f000f0a5181"><div class="product-tile__favorite not-favorited"><div><div class="product-tile__favorite-circle"><svg class="product-tile__favorite-heart" viewBox="8.9 7.8 18 16.633654"><path d="m 17.89989,23.433653 c 0.631042,-0.630881 4.233291,-4.23521 6.485296,-6.486896 2.017605,-2.017765 1.974565,-4.958732 0.140161,-6.783217 -1.834405,-1.8249642 -4.800652,-1.8169641 -6.625457,0.0176 -1.824645,-1.8345641 -4.790892,-1.8425642 -6.625297,-0.0176 -1.8344041,1.824485 -1.8772842,4.765452 0.140161,6.783217 2.251845,2.251686 5.854574,5.856015 6.485136,6.486896 l 0,0 z"></path></svg></div></div></div><div class="product-tile__product-visuals"><a href="https://www.goodeggs.com/sfbay/omwellness/cbd-infused-fragrance-free-bath-and-body-oil/5fbc565295876f000f0a5181" class="js-product-tile__product-photo-wrapper js-product-photo-link js-product-link" data-alt="CBD Infused Fragrance Free Bath and Body Oil" data-src="https://goodeggs4.imgix.net/f56b3ae4-6481-46cd-8819-884b3894f4ce.jpg?w=380&amp;h=238&amp;fm=jpg&amp;auto=compress&amp;fit=crop"><img class="product-tile__product-photo" alt="CBD Infused Fragrance Free Bath and Body Oil" src="./Health &amp; Home _ SF Bay _ Good Eggs_files/f56b3ae4-6481-46cd-8819-884b3894f4ce.jpg"></a><div class="product-tile__product-photo-tinter"></div><div class="product-tile__quick-add"><div class="product-tile__quick-add-count is-transparent"><div class="product-tile__quick-add-quantity"><div class="product-tile__quantity-spinner product-tile__quantity-spinner__quantity js-quantity-indicator">1</div><div class="product-tile__quantity-spinner product-tile__quantity-spinner__previous-quantity js-quantity-indicator">1</div></div><div class="product-tile__quick-add-quantity-label"><div class="product-tile__quick-add-quantity-label-result">added</div><div class="product-tile__quick-add-quantity-label-summary">in your basket</div></div><div class="product-tile__quick-add-gift"><i class="icon icon-share-gift"></i></div><div class="product-tile__quick-add-gift-label"><div class="product-tile__quick-add-gift-summary">Gift in your basket</div></div></div><div class="product-tile__quick-add-buttons"><button class="btn product-tile__quick-add-button product-tile__quick-add-button-remove js-product-tile__quick-remove"><div class="product-tile__quick-add-minus"></div></button><button class="btn product-tile__quick-add-button product-tile__quick-add-button-add js-product-tile__quick-add"><div class="product-tile__quick-add-plus"></div></button></div></div></div><div class="product-tile__product-info"><div class="product-tile__product-name-and-details"><a class="js-producer-link" href="https://www.goodeggs.com/omwellness"><div class="product-tile__producer-name">OM Wellness</div></a><a class="js-product-link" href="https://www.goodeggs.com/sfbay/omwellness/cbd-infused-fragrance-free-bath-and-body-oil/5fbc565295876f000f0a5181"><h5 class="product-tile__product-name">CBD Infused Fragrance Free Bath and Body Oil</h5></a></div><div class="product-tile__price-info product-tile-collapsing-row clearfix"><div class="product-tile__purchase-price product-tile-collapsing-row__fixed-right"><div class="split-price"><span class="split-price__dollars">33</span><span class="split-price__cents">99</span></div></div><div class="product-tile__purchase-unit product-tile-collapsing-row__primary-info">2 oz</div></div></div></div></div><div class="grid-item lazyloaded" data-product-id="5fc949300de7bd000feb9365"><div class="product-tile product-tile--compact product-tile--market" data-id="5fc949300de7bd000feb9365"><div class="product-tile__favorite not-favorited"><div><div class="product-tile__favorite-circle"><svg class="product-tile__favorite-heart" viewBox="8.9 7.8 18 16.633654"><path d="m 17.89989,23.433653 c 0.631042,-0.630881 4.233291,-4.23521 6.485296,-6.486896 2.017605,-2.017765 1.974565,-4.958732 0.140161,-6.783217 -1.834405,-1.8249642 -4.800652,-1.8169641 -6.625457,0.0176 -1.824645,-1.8345641 -4.790892,-1.8425642 -6.625297,-0.0176 -1.8344041,1.824485 -1.8772842,4.765452 0.140161,6.783217 2.251845,2.251686 5.854574,5.856015 6.485136,6.486896 l 0,0 z"></path></svg></div></div></div><div class="product-tile__product-visuals"><a href="https://www.goodeggs.com/sfbay/juniperridge/coast-gift-set/5fc949300de7bd000feb9365" class="js-product-tile__product-photo-wrapper js-product-photo-link js-product-link" data-alt="Coast Gift Set" data-src="https://goodeggs4.imgix.net/5e5a9d28-ce34-4b69-826b-f7971adfe307.jpg?w=380&amp;h=238&amp;fm=jpg&amp;auto=compress&amp;fit=crop"><img class="product-tile__product-photo" alt="Coast Gift Set" src="./Health &amp; Home _ SF Bay _ Good Eggs_files/5e5a9d28-ce34-4b69-826b-f7971adfe307.jpg"></a><div class="product-tile__product-photo-tinter"></div><div class="product-tile__quick-add"><div class="product-tile__quick-add-count is-transparent"><div class="product-tile__quick-add-quantity"><div class="product-tile__quantity-spinner product-tile__quantity-spinner__quantity js-quantity-indicator">1</div><div class="product-tile__quantity-spinner product-tile__quantity-spinner__previous-quantity js-quantity-indicator">1</div></div><div class="product-tile__quick-add-quantity-label"><div class="product-tile__quick-add-quantity-label-result">added</div><div class="product-tile__quick-add-quantity-label-summary">in your basket</div></div><div class="product-tile__quick-add-gift"><i class="icon icon-share-gift"></i></div><div class="product-tile__quick-add-gift-label"><div class="product-tile__quick-add-gift-summary">Gift in your basket</div></div></div><div class="product-tile__quick-add-buttons"><button class="btn product-tile__quick-add-button product-tile__quick-add-button-remove js-product-tile__quick-remove"><div class="product-tile__quick-add-minus"></div></button><button class="btn product-tile__quick-add-button product-tile__quick-add-button-add js-product-tile__quick-add"><div class="product-tile__quick-add-plus"></div></button></div></div></div><div class="product-tile__product-info"><div class="product-tile__product-name-and-details"><a class="js-producer-link" href="https://www.goodeggs.com/juniperridge"><div class="product-tile__producer-name">Juniper Ridge</div></a><a class="js-product-link" href="https://www.goodeggs.com/sfbay/juniperridge/coast-gift-set/5fc949300de7bd000feb9365"><h5 class="product-tile__product-name">Coast Gift Set</h5></a></div><div class="product-tile__price-info product-tile-collapsing-row clearfix"><div class="product-tile__purchase-price product-tile-collapsing-row__fixed-right"><div class="split-price"><span class="split-price__dollars">34</span><span class="split-price__cents">99</span></div></div><div class="product-tile__purchase-unit product-tile-collapsing-row__primary-info">3 count</div></div></div></div></div><div class="grid-item lazyloaded" data-product-id="5fc95d40fa0218000e6487d3"><div class="product-tile product-tile--compact product-tile--market" data-id="5fc95d40fa0218000e6487d3"><div class="product-tile__favorite not-favorited"><div><div class="product-tile__favorite-circle"><svg class="product-tile__favorite-heart" viewBox="8.9 7.8 18 16.633654"><path d="m 17.89989,23.433653 c 0.631042,-0.630881 4.233291,-4.23521 6.485296,-6.486896 2.017605,-2.017765 1.974565,-4.958732 0.140161,-6.783217 -1.834405,-1.8249642 -4.800652,-1.8169641 -6.625457,0.0176 -1.824645,-1.8345641 -4.790892,-1.8425642 -6.625297,-0.0176 -1.8344041,1.824485 -1.8772842,4.765452 0.140161,6.783217 2.251845,2.251686 5.854574,5.856015 6.485136,6.486896 l 0,0 z"></path></svg></div></div></div><div class="product-tile__product-visuals"><a href="https://www.goodeggs.com/sfbay/juniperridge/desert-gift-set/5fc95d40fa0218000e6487d3" class="js-product-tile__product-photo-wrapper js-product-photo-link js-product-link" data-alt="Desert Gift Set" data-src="https://goodeggs4.imgix.net/85fae300-70d6-4db9-ad34-f8538e73917f.jpg?w=380&amp;h=238&amp;fm=jpg&amp;auto=compress&amp;fit=crop"><img class="product-tile__product-photo" alt="Desert Gift Set" src="./Health &amp; Home _ SF Bay _ Good Eggs_files/85fae300-70d6-4db9-ad34-f8538e73917f.jpg"></a><div class="product-tile__product-photo-tinter"></div><div class="product-tile__quick-add"><div class="product-tile__quick-add-count is-transparent"><div class="product-tile__quick-add-quantity"><div class="product-tile__quantity-spinner product-tile__quantity-spinner__quantity js-quantity-indicator">1</div><div class="product-tile__quantity-spinner product-tile__quantity-spinner__previous-quantity js-quantity-indicator">1</div></div><div class="product-tile__quick-add-quantity-label"><div class="product-tile__quick-add-quantity-label-result">added</div><div class="product-tile__quick-add-quantity-label-summary">in your basket</div></div><div class="product-tile__quick-add-gift"><i class="icon icon-share-gift"></i></div><div class="product-tile__quick-add-gift-label"><div class="product-tile__quick-add-gift-summary">Gift in your basket</div></div></div><div class="product-tile__quick-add-buttons"><button class="btn product-tile__quick-add-button product-tile__quick-add-button-remove js-product-tile__quick-remove"><div class="product-tile__quick-add-minus"></div></button><button class="btn product-tile__quick-add-button product-tile__quick-add-button-add js-product-tile__quick-add"><div class="product-tile__quick-add-plus"></div></button></div></div></div><div class="product-tile__product-info"><div class="product-tile__product-name-and-details"><a class="js-producer-link" href="https://www.goodeggs.com/juniperridge"><div class="product-tile__producer-name">Juniper Ridge</div></a><a class="js-product-link" href="https://www.goodeggs.com/sfbay/juniperridge/desert-gift-set/5fc95d40fa0218000e6487d3"><h5 class="product-tile__product-name">Desert Gift Set</h5></a></div><div class="product-tile__price-info product-tile-collapsing-row clearfix"><div class="product-tile__purchase-price product-tile-collapsing-row__fixed-right"><div class="split-price"><span class="split-price__dollars">34</span><span class="split-price__cents">99</span></div></div><div class="product-tile__purchase-unit product-tile-collapsing-row__primary-info">3 count</div></div></div></div></div><div class="grid-item lazyloaded" data-product-id="5fc964960cc199000e32fa82"><div class="product-tile product-tile--compact product-tile--market" data-id="5fc964960cc199000e32fa82"><div class="product-tile__favorite not-favorited"><div><div class="product-tile__favorite-circle"><svg class="product-tile__favorite-heart" viewBox="8.9 7.8 18 16.633654"><path d="m 17.89989,23.433653 c 0.631042,-0.630881 4.233291,-4.23521 6.485296,-6.486896 2.017605,-2.017765 1.974565,-4.958732 0.140161,-6.783217 -1.834405,-1.8249642 -4.800652,-1.8169641 -6.625457,0.0176 -1.824645,-1.8345641 -4.790892,-1.8425642 -6.625297,-0.0176 -1.8344041,1.824485 -1.8772842,4.765452 0.140161,6.783217 2.251845,2.251686 5.854574,5.856015 6.485136,6.486896 l 0,0 z"></path></svg></div></div></div><div class="product-tile__product-visuals"><a href="https://www.goodeggs.com/sfbay/juniperridge/holiday-gift-set/5fc964960cc199000e32fa82" class="js-product-tile__product-photo-wrapper js-product-photo-link js-product-link" data-alt="Holiday Gift Set" data-src="https://goodeggs4.imgix.net/9cb926af-75a8-4bb3-bed3-2a52d4f0533c.jpg?w=380&amp;h=238&amp;fm=jpg&amp;auto=compress&amp;fit=crop"><img class="product-tile__product-photo" alt="Holiday Gift Set" src="./Health &amp; Home _ SF Bay _ Good Eggs_files/9cb926af-75a8-4bb3-bed3-2a52d4f0533c.jpg"></a><div class="product-tile__product-photo-tinter"></div><div class="product-tile__quick-add"><div class="product-tile__quick-add-count is-transparent"><div class="product-tile__quick-add-quantity"><div class="product-tile__quantity-spinner product-tile__quantity-spinner__quantity js-quantity-indicator">1</div><div class="product-tile__quantity-spinner product-tile__quantity-spinner__previous-quantity js-quantity-indicator">1</div></div><div class="product-tile__quick-add-quantity-label"><div class="product-tile__quick-add-quantity-label-result">added</div><div class="product-tile__quick-add-quantity-label-summary">in your basket</div></div><div class="product-tile__quick-add-gift"><i class="icon icon-share-gift"></i></div><div class="product-tile__quick-add-gift-label"><div class="product-tile__quick-add-gift-summary">Gift in your basket</div></div></div><div class="product-tile__quick-add-buttons"><button class="btn product-tile__quick-add-button product-tile__quick-add-button-remove js-product-tile__quick-remove"><div class="product-tile__quick-add-minus"></div></button><button class="btn product-tile__quick-add-button product-tile__quick-add-button-add js-product-tile__quick-add"><div class="product-tile__quick-add-plus"></div></button></div></div></div><div class="product-tile__product-info"><div class="product-tile__product-name-and-details"><a class="js-producer-link" href="https://www.goodeggs.com/juniperridge"><div class="product-tile__producer-name">Juniper Ridge</div></a><a class="js-product-link" href="https://www.goodeggs.com/sfbay/juniperridge/holiday-gift-set/5fc964960cc199000e32fa82"><h5 class="product-tile__product-name">Holiday Gift Set</h5></a></div><div class="product-tile__price-info product-tile-collapsing-row clearfix"><div class="product-tile__purchase-price product-tile-collapsing-row__fixed-right"><div class="split-price"><span class="split-price__dollars">34</span><span class="split-price__cents">99</span></div></div><div class="product-tile__purchase-unit product-tile-collapsing-row__primary-info">3 count</div></div></div></div></div><div class="grid-item lazyloaded" data-product-id="5fc9672b33e18d000e5e80a7"><div class="product-tile product-tile--compact product-tile--market" data-id="5fc9672b33e18d000e5e80a7"><div class="product-tile__favorite not-favorited"><div><div class="product-tile__favorite-circle"><svg class="product-tile__favorite-heart" viewBox="8.9 7.8 18 16.633654"><path d="m 17.89989,23.433653 c 0.631042,-0.630881 4.233291,-4.23521 6.485296,-6.486896 2.017605,-2.017765 1.974565,-4.958732 0.140161,-6.783217 -1.834405,-1.8249642 -4.800652,-1.8169641 -6.625457,0.0176 -1.824645,-1.8345641 -4.790892,-1.8425642 -6.625297,-0.0176 -1.8344041,1.824485 -1.8772842,4.765452 0.140161,6.783217 2.251845,2.251686 5.854574,5.856015 6.485136,6.486896 l 0,0 z"></path></svg></div></div></div><div class="product-tile__product-visuals"><a href="https://www.goodeggs.com/sfbay/juniperridge/essential-oil-gift-pack/5fc9672b33e18d000e5e80a7" class="js-product-tile__product-photo-wrapper js-product-photo-link js-product-link" data-alt="Essential Oil Gift Pack" data-src="https://goodeggs4.imgix.net/b25d666e-a5b2-457d-a3f2-a4620a9e51bc.jpg?w=380&amp;h=238&amp;fm=jpg&amp;auto=compress&amp;fit=crop"><img class="product-tile__product-photo" alt="Essential Oil Gift Pack" src="./Health &amp; Home _ SF Bay _ Good Eggs_files/b25d666e-a5b2-457d-a3f2-a4620a9e51bc.jpg"></a><div class="product-tile__product-photo-tinter"></div><div class="product-tile__quick-add"><div class="product-tile__quick-add-count is-transparent"><div class="product-tile__quick-add-quantity"><div class="product-tile__quantity-spinner product-tile__quantity-spinner__quantity js-quantity-indicator">1</div><div class="product-tile__quantity-spinner product-tile__quantity-spinner__previous-quantity js-quantity-indicator">1</div></div><div class="product-tile__quick-add-quantity-label"><div class="product-tile__quick-add-quantity-label-result">added</div><div class="product-tile__quick-add-quantity-label-summary">in your basket</div></div><div class="product-tile__quick-add-gift"><i class="icon icon-share-gift"></i></div><div class="product-tile__quick-add-gift-label"><div class="product-tile__quick-add-gift-summary">Gift in your basket</div></div></div><div class="product-tile__quick-add-buttons"><button class="btn product-tile__quick-add-button product-tile__quick-add-button-remove js-product-tile__quick-remove"><div class="product-tile__quick-add-minus"></div></button><button class="btn product-tile__quick-add-button product-tile__quick-add-button-add js-product-tile__quick-add"><div class="product-tile__quick-add-plus"></div></button></div></div></div><div class="product-tile__product-info"><div class="product-tile__product-name-and-details"><a class="js-producer-link" href="https://www.goodeggs.com/juniperridge"><div class="product-tile__producer-name">Juniper Ridge</div></a><a class="js-product-link" href="https://www.goodeggs.com/sfbay/juniperridge/essential-oil-gift-pack/5fc9672b33e18d000e5e80a7"><h5 class="product-tile__product-name">Essential Oil Gift Pack</h5></a></div><div class="product-tile__price-info product-tile-collapsing-row clearfix"><div class="product-tile__purchase-price product-tile-collapsing-row__fixed-right"><div class="split-price"><span class="split-price__dollars">59</span><span class="split-price__cents">99</span></div></div><div class="product-tile__purchase-unit product-tile-collapsing-row__primary-info">5 count</div></div></div></div></div></div></div></div><div id="bath-soap" class="section-page"><div class="product-listings-view__section-anchor" id="health-home-bath-body-bath-soap"></div><h3 class="listings-section-header">Soap &amp; Body Wash</h3><div class="page"><div class="grid-items"><div class="grid-item" data-product-id="5bd7cd4452afce000f045032"><div class="product-tile product-tile--compact product-tile--market" data-id="5bd7cd4452afce000f045032"><div class="product-tile__favorite not-favorited"><div><div class="product-tile__favorite-circle"><svg class="product-tile__favorite-heart" viewBox="8.9 7.8 18 16.633654"><path d="m 17.89989,23.433653 c 0.631042,-0.630881 4.233291,-4.23521 6.485296,-6.486896 2.017605,-2.017765 1.974565,-4.958732 0.140161,-6.783217 -1.834405,-1.8249642 -4.800652,-1.8169641 -6.625457,0.0176 -1.824645,-1.8345641 -4.790892,-1.8425642 -6.625297,-0.0176 -1.8344041,1.824485 -1.8772842,4.765452 0.140161,6.783217 2.251845,2.251686 5.854574,5.856015 6.485136,6.486896 l 0,0 z"></path></svg></div></div></div><div class="product-tile__product-visuals"><a class="js-product-tile__product-photo-wrapper js-product-photo-link js-product-link" data-alt="Meyer Lemon &amp; Mandarin Hand Soap" data-src="https://goodeggs4.imgix.net/417aa22f-318c-41ed-8251-5a5e8da3112c.jpg?w=380&amp;h=238&amp;fm=jpg&amp;auto=compress&amp;fit=crop" href="https://www.goodeggs.com/sfbay/eoproductssfbay/meyer-lemon-mandarin-hand-soap/5bd7cd4452afce000f045032"><img class="product-tile__product-photo" alt="Meyer Lemon &amp; Mandarin Hand Soap" src="./Health &amp; Home _ SF Bay _ Good Eggs_files/417aa22f-318c-41ed-8251-5a5e8da3112c.jpg"></a><div class="product-tile__product-photo-tinter"></div><div class="product-tile__quick-add"><div class="product-tile__quick-add-count is-transparent"><div class="product-tile__quick-add-quantity"><div class="product-tile__quantity-spinner product-tile__quantity-spinner__quantity js-quantity-indicator">1</div><div class="product-tile__quantity-spinner product-tile__quantity-spinner__previous-quantity js-quantity-indicator">1</div></div><div class="product-tile__quick-add-quantity-label"><div class="product-tile__quick-add-quantity-label-result">added</div><div class="product-tile__quick-add-quantity-label-summary">in your basket</div></div><div class="product-tile__quick-add-gift"><i class="icon icon-share-gift"></i></div><div class="product-tile__quick-add-gift-label"><div class="product-tile__quick-add-gift-summary">Gift in your basket</div></div></div><div class="product-tile__quick-add-buttons"><button class="btn product-tile__quick-add-button product-tile__quick-add-button-remove js-product-tile__quick-remove"><div class="product-tile__quick-add-minus"></div></button><button class="btn product-tile__quick-add-button product-tile__quick-add-button-add js-product-tile__quick-add"><div class="product-tile__quick-add-plus"></div></button></div></div></div><div class="product-tile__product-info"><div class="product-tile__product-name-and-details"><a class="js-producer-link" href="https://www.goodeggs.com/eoproductssfbay"><div class="product-tile__producer-name">EO/Everyone</div></a><a class="js-product-link" href="https://www.goodeggs.com/sfbay/eoproductssfbay/meyer-lemon-mandarin-hand-soap/5bd7cd4452afce000f045032"><h5 class="product-tile__product-name">Meyer Lemon &amp; Mandarin Hand Soap</h5></a></div><div class="product-tile__price-info product-tile-collapsing-row clearfix"><div class="product-tile__purchase-price product-tile-collapsing-row__fixed-right"><div class="split-price"><span class="split-price__dollars">4</span><span class="split-price__cents">99</span></div></div><div class="product-tile__comparison-price product-tile-collapsing-row__secondary-info"><span class="price-per">$0.39 </span>/<!-- --> <span class="per-unit">oz</span></div><div class="product-tile__purchase-unit product-tile-collapsing-row__primary-info">12.75 oz</div></div></div></div></div><div class="grid-item" data-product-id="5bd7ce4352afce000f045045"><div class="product-tile product-tile--compact product-tile--market" data-id="5bd7ce4352afce000f045045"><div class="product-tile__favorite not-favorited"><div><div class="product-tile__favorite-circle"><svg class="product-tile__favorite-heart" viewBox="8.9 7.8 18 16.633654"><path d="m 17.89989,23.433653 c 0.631042,-0.630881 4.233291,-4.23521 6.485296,-6.486896 2.017605,-2.017765 1.974565,-4.958732 0.140161,-6.783217 -1.834405,-1.8249642 -4.800652,-1.8169641 -6.625457,0.0176 -1.824645,-1.8345641 -4.790892,-1.8425642 -6.625297,-0.0176 -1.8344041,1.824485 -1.8772842,4.765452 0.140161,6.783217 2.251845,2.251686 5.854574,5.856015 6.485136,6.486896 l 0,0 z"></path></svg></div></div></div><div class="product-tile__product-visuals"><a class="js-product-tile__product-photo-wrapper js-product-photo-link js-product-link" data-alt="Lavender &amp; Coconut Hand Soap" data-src="https://goodeggs4.imgix.net/96a9d7dd-5e00-42b8-b573-47b821004c77.jpg?w=380&amp;h=238&amp;fm=jpg&amp;auto=compress&amp;fit=crop" href="https://www.goodeggs.com/sfbay/eoproductssfbay/lavender-coconut-hand-soap/5bd7ce4352afce000f045045"><img class="product-tile__product-photo" alt="Lavender &amp; Coconut Hand Soap" src="./Health &amp; Home _ SF Bay _ Good Eggs_files/96a9d7dd-5e00-42b8-b573-47b821004c77.jpg"></a><div class="product-tile__product-photo-tinter"></div><div class="product-tile__quick-add"><div class="product-tile__quick-add-count is-transparent"><div class="product-tile__quick-add-quantity"><div class="product-tile__quantity-spinner product-tile__quantity-spinner__quantity js-quantity-indicator">1</div><div class="product-tile__quantity-spinner product-tile__quantity-spinner__previous-quantity js-quantity-indicator">1</div></div><div class="product-tile__quick-add-quantity-label"><div class="product-tile__quick-add-quantity-label-result">added</div><div class="product-tile__quick-add-quantity-label-summary">in your basket</div></div><div class="product-tile__quick-add-gift"><i class="icon icon-share-gift"></i></div><div class="product-tile__quick-add-gift-label"><div class="product-tile__quick-add-gift-summary">Gift in your basket</div></div></div><div class="product-tile__quick-add-buttons"><button class="btn product-tile__quick-add-button product-tile__quick-add-button-remove js-product-tile__quick-remove"><div class="product-tile__quick-add-minus"></div></button><button class="btn product-tile__quick-add-button product-tile__quick-add-button-add js-product-tile__quick-add"><div class="product-tile__quick-add-plus"></div></button></div></div></div><div class="product-tile__product-info"><div class="product-tile__product-name-and-details"><a class="js-producer-link" href="https://www.goodeggs.com/eoproductssfbay"><div class="product-tile__producer-name">EO/Everyone</div></a><a class="js-product-link" href="https://www.goodeggs.com/sfbay/eoproductssfbay/lavender-coconut-hand-soap/5bd7ce4352afce000f045045"><h5 class="product-tile__product-name">Lavender &amp; Coconut Hand Soap</h5></a></div><div class="product-tile__price-info product-tile-collapsing-row clearfix"><div class="product-tile__purchase-price product-tile-collapsing-row__fixed-right"><div class="split-price"><span class="split-price__dollars">4</span><span class="split-price__cents">99</span></div></div><div class="product-tile__comparison-price product-tile-collapsing-row__secondary-info"><span class="price-per">$0.39 </span>/<!-- --> <span class="per-unit">oz</span></div><div class="product-tile__purchase-unit product-tile-collapsing-row__primary-info">12.75 oz</div></div></div></div></div><div class="grid-item" data-product-id="604a851cbcf73300130e2e51"><div class="product-tile product-tile--compact product-tile--market" data-id="604a851cbcf73300130e2e51"><div class="product-tile__favorite not-favorited"><div><div class="product-tile__favorite-circle"><svg class="product-tile__favorite-heart" viewBox="8.9 7.8 18 16.633654"><path d="m 17.89989,23.433653 c 0.631042,-0.630881 4.233291,-4.23521 6.485296,-6.486896 2.017605,-2.017765 1.974565,-4.958732 0.140161,-6.783217 -1.834405,-1.8249642 -4.800652,-1.8169641 -6.625457,0.0176 -1.824645,-1.8345641 -4.790892,-1.8425642 -6.625297,-0.0176 -1.8344041,1.824485 -1.8772842,4.765452 0.140161,6.783217 2.251845,2.251686 5.854574,5.856015 6.485136,6.486896 l 0,0 z"></path></svg></div></div></div><div class="product-tile__product-visuals"><a class="js-product-tile__product-photo-wrapper js-product-photo-link js-product-link" data-alt="Hand Soap Refill - Meyer Lemon Mandarin" data-src="https://goodeggs4.imgix.net/fcae355a-fc00-48f4-96c7-26514f6e73af.jpeg?w=380&amp;h=238&amp;fm=jpg&amp;auto=compress&amp;fit=crop" href="https://www.goodeggs.com/sfbay/eoproductssfbay/hand-soap-refill-meyer-lemon-mandarin/604a851cbcf73300130e2e51"><img class="product-tile__product-photo" alt="Hand Soap Refill - Meyer Lemon Mandarin" src="./Health &amp; Home _ SF Bay _ Good Eggs_files/fcae355a-fc00-48f4-96c7-26514f6e73af.jpeg"></a><div class="product-tile__product-photo-tinter"></div><div class="product-tile__quick-add"><div class="product-tile__quick-add-count is-transparent"><div class="product-tile__quick-add-quantity"><div class="product-tile__quantity-spinner product-tile__quantity-spinner__quantity js-quantity-indicator">1</div><div class="product-tile__quantity-spinner product-tile__quantity-spinner__previous-quantity js-quantity-indicator">1</div></div><div class="product-tile__quick-add-quantity-label"><div class="product-tile__quick-add-quantity-label-result">added</div><div class="product-tile__quick-add-quantity-label-summary">in your basket</div></div><div class="product-tile__quick-add-gift"><i class="icon icon-share-gift"></i></div><div class="product-tile__quick-add-gift-label"><div class="product-tile__quick-add-gift-summary">Gift in your basket</div></div></div><div class="product-tile__quick-add-buttons"><button class="btn product-tile__quick-add-button product-tile__quick-add-button-remove js-product-tile__quick-remove"><div class="product-tile__quick-add-minus"></div></button><button class="btn product-tile__quick-add-button product-tile__quick-add-button-add js-product-tile__quick-add"><div class="product-tile__quick-add-plus"></div></button></div></div></div><div class="product-tile__product-info"><div class="product-tile__product-name-and-details"><a class="js-producer-link" href="https://www.goodeggs.com/eoproductssfbay"><div class="product-tile__producer-name">EO/Everyone</div></a><a class="js-product-link" href="https://www.goodeggs.com/sfbay/eoproductssfbay/hand-soap-refill-meyer-lemon-mandarin/604a851cbcf73300130e2e51"><h5 class="product-tile__product-name">Hand Soap Refill - Meyer Lemon Mandarin</h5></a></div><div class="product-tile__price-info product-tile-collapsing-row clearfix"><div class="product-tile__purchase-price product-tile-collapsing-row__fixed-right"><div class="split-price"><span class="split-price__dollars">11</span><span class="split-price__cents">99</span></div></div><div class="product-tile__comparison-price product-tile-collapsing-row__secondary-info"><span class="price-per">$0.37 </span>/<!-- --> <span class="per-unit">oz</span></div><div class="product-tile__purchase-unit product-tile-collapsing-row__primary-info">32 oz</div></div></div></div></div><div class="grid-item lazyloaded" data-product-id="6079ebf9c8e29000124e2b0d"><div class="product-tile product-tile--compact product-tile--market" data-id="6079ebf9c8e29000124e2b0d"><div class="product-tile__favorite not-favorited"><div><div class="product-tile__favorite-circle"><svg class="product-tile__favorite-heart" viewBox="8.9 7.8 18 16.633654"><path d="m 17.89989,23.433653 c 0.631042,-0.630881 4.233291,-4.23521 6.485296,-6.486896 2.017605,-2.017765 1.974565,-4.958732 0.140161,-6.783217 -1.834405,-1.8249642 -4.800652,-1.8169641 -6.625457,0.0176 -1.824645,-1.8345641 -4.790892,-1.8425642 -6.625297,-0.0176 -1.8344041,1.824485 -1.8772842,4.765452 0.140161,6.783217 2.251845,2.251686 5.854574,5.856015 6.485136,6.486896 l 0,0 z"></path></svg></div></div></div><div class="product-tile__product-visuals"><a href="https://www.goodeggs.com/sfbay/andalounaturals/1000-roses-soothing-shower-gel/6079ebf9c8e29000124e2b0d" class="js-product-tile__product-photo-wrapper js-product-photo-link js-product-link" data-alt="1000 Roses Soothing Shower Gel" data-src="https://goodeggs4.imgix.net/d8f154e8-5013-43b0-a833-d32fd2d1b944.jpg?w=380&amp;h=238&amp;fm=jpg&amp;auto=compress&amp;fit=crop"><img class="product-tile__product-photo" alt="1000 Roses Soothing Shower Gel" src="./Health &amp; Home _ SF Bay _ Good Eggs_files/d8f154e8-5013-43b0-a833-d32fd2d1b944.jpg"></a><div class="product-tile__product-photo-tinter"></div><div class="product-tile__quick-add"><div class="product-tile__quick-add-count is-transparent"><div class="product-tile__quick-add-quantity"><div class="product-tile__quantity-spinner product-tile__quantity-spinner__quantity js-quantity-indicator">1</div><div class="product-tile__quantity-spinner product-tile__quantity-spinner__previous-quantity js-quantity-indicator">1</div></div><div class="product-tile__quick-add-quantity-label"><div class="product-tile__quick-add-quantity-label-result">added</div><div class="product-tile__quick-add-quantity-label-summary">in your basket</div></div><div class="product-tile__quick-add-gift"><i class="icon icon-share-gift"></i></div><div class="product-tile__quick-add-gift-label"><div class="product-tile__quick-add-gift-summary">Gift in your basket</div></div></div><div class="product-tile__quick-add-buttons"><button class="btn product-tile__quick-add-button product-tile__quick-add-button-remove js-product-tile__quick-remove"><div class="product-tile__quick-add-minus"></div></button><button class="btn product-tile__quick-add-button product-tile__quick-add-button-add js-product-tile__quick-add"><div class="product-tile__quick-add-plus"></div></button></div></div></div><div class="product-tile__product-info"><div class="product-tile__product-name-and-details"><a class="js-producer-link" href="https://www.goodeggs.com/andalounaturals"><div class="product-tile__producer-name">Andalou Naturals</div></a><a class="js-product-link" href="https://www.goodeggs.com/sfbay/andalounaturals/1000-roses-soothing-shower-gel/6079ebf9c8e29000124e2b0d"><h5 class="product-tile__product-name">1000 Roses Soothing Shower Gel</h5></a></div><div class="product-tile__price-info product-tile-collapsing-row clearfix"><div class="product-tile__purchase-price product-tile-collapsing-row__fixed-right"><div class="split-price"><span class="split-price__dollars">9</span><span class="split-price__cents">99</span></div></div><div class="product-tile__comparison-price product-tile-collapsing-row__secondary-info"><span class="price-per">$1.17 </span>/ <span class="per-unit">oz</span></div><div class="product-tile__purchase-unit product-tile-collapsing-row__primary-info">8.5 oz</div></div></div></div></div><div class="grid-item lazyloaded" data-product-id="604a896069b24200121f2f6b"><div class="product-tile product-tile--compact product-tile--market" data-id="604a896069b24200121f2f6b"><div class="product-tile__favorite not-favorited"><div><div class="product-tile__favorite-circle"><svg class="product-tile__favorite-heart" viewBox="8.9 7.8 18 16.633654"><path d="m 17.89989,23.433653 c 0.631042,-0.630881 4.233291,-4.23521 6.485296,-6.486896 2.017605,-2.017765 1.974565,-4.958732 0.140161,-6.783217 -1.834405,-1.8249642 -4.800652,-1.8169641 -6.625457,0.0176 -1.824645,-1.8345641 -4.790892,-1.8425642 -6.625297,-0.0176 -1.8344041,1.824485 -1.8772842,4.765452 0.140161,6.783217 2.251845,2.251686 5.854574,5.856015 6.485136,6.486896 l 0,0 z"></path></svg></div></div></div><div class="product-tile__product-visuals"><a href="https://www.goodeggs.com/sfbay/eoproductssfbay/orange-squeeze-kids-3-in-1-soap/604a896069b24200121f2f6b" class="js-product-tile__product-photo-wrapper js-product-photo-link js-product-link" data-alt="Orange Squeeze Kids 3 in 1 Soap" data-src="https://goodeggs4.imgix.net/bab79769-7771-4023-a91c-933ec1a7ff02.jpeg?w=380&amp;h=238&amp;fm=jpg&amp;auto=compress&amp;fit=crop"><img class="product-tile__product-photo" alt="Orange Squeeze Kids 3 in 1 Soap" src="./Health &amp; Home _ SF Bay _ Good Eggs_files/bab79769-7771-4023-a91c-933ec1a7ff02.jpeg"></a><div class="product-tile__product-photo-tinter"></div><div class="product-tile__quick-add"><div class="product-tile__quick-add-count is-transparent"><div class="product-tile__quick-add-quantity"><div class="product-tile__quantity-spinner product-tile__quantity-spinner__quantity js-quantity-indicator">1</div><div class="product-tile__quantity-spinner product-tile__quantity-spinner__previous-quantity js-quantity-indicator">1</div></div><div class="product-tile__quick-add-quantity-label"><div class="product-tile__quick-add-quantity-label-result">added</div><div class="product-tile__quick-add-quantity-label-summary">in your basket</div></div><div class="product-tile__quick-add-gift"><i class="icon icon-share-gift"></i></div><div class="product-tile__quick-add-gift-label"><div class="product-tile__quick-add-gift-summary">Gift in your basket</div></div></div><div class="product-tile__quick-add-buttons"><button class="btn product-tile__quick-add-button product-tile__quick-add-button-remove js-product-tile__quick-remove"><div class="product-tile__quick-add-minus"></div></button><button class="btn product-tile__quick-add-button product-tile__quick-add-button-add js-product-tile__quick-add"><div class="product-tile__quick-add-plus"></div></button></div></div></div><div class="product-tile__product-info"><div class="product-tile__product-name-and-details"><a class="js-producer-link" href="https://www.goodeggs.com/eoproductssfbay"><div class="product-tile__producer-name">EO/Everyone</div></a><a class="js-product-link" href="https://www.goodeggs.com/sfbay/eoproductssfbay/orange-squeeze-kids-3-in-1-soap/604a896069b24200121f2f6b"><h5 class="product-tile__product-name">Orange Squeeze Kids 3 in 1 Soap</h5></a></div><div class="product-tile__price-info product-tile-collapsing-row clearfix"><div class="product-tile__purchase-price product-tile-collapsing-row__fixed-right"><div class="split-price"><span class="split-price__dollars">10</span><span class="split-price__cents">99</span></div></div><div class="product-tile__comparison-price product-tile-collapsing-row__secondary-info"><span class="price-per">$0.34 </span>/ <span class="per-unit">oz</span></div><div class="product-tile__purchase-unit product-tile-collapsing-row__primary-info">32 oz</div></div></div></div></div><div class="grid-item lazyloaded" data-product-id="604a8f70acff8900125ed066"><div class="product-tile product-tile--compact product-tile--market" data-id="604a8f70acff8900125ed066"><div class="product-tile__favorite not-favorited"><div><div class="product-tile__favorite-circle"><svg class="product-tile__favorite-heart" viewBox="8.9 7.8 18 16.633654"><path d="m 17.89989,23.433653 c 0.631042,-0.630881 4.233291,-4.23521 6.485296,-6.486896 2.017605,-2.017765 1.974565,-4.958732 0.140161,-6.783217 -1.834405,-1.8249642 -4.800652,-1.8169641 -6.625457,0.0176 -1.824645,-1.8345641 -4.790892,-1.8425642 -6.625297,-0.0176 -1.8344041,1.824485 -1.8772842,4.765452 0.140161,6.783217 2.251845,2.251686 5.854574,5.856015 6.485136,6.486896 l 0,0 z"></path></svg></div></div></div><div class="product-tile__product-visuals"><a href="https://www.goodeggs.com/sfbay/eoproductssfbay/unscented-3-in-1-soap/604a8f70acff8900125ed066" class="js-product-tile__product-photo-wrapper js-product-photo-link js-product-link" data-alt="Unscented 3 in 1 Soap" data-src="https://goodeggs4.imgix.net/f4d5c60c-5d07-4166-8100-98dfac0cdfe5.jpeg?w=380&amp;h=238&amp;fm=jpg&amp;auto=compress&amp;fit=crop"><img class="product-tile__product-photo" alt="Unscented 3 in 1 Soap" src="./Health &amp; Home _ SF Bay _ Good Eggs_files/f4d5c60c-5d07-4166-8100-98dfac0cdfe5.jpeg"></a><div class="product-tile__product-photo-tinter"></div><div class="product-tile__quick-add"><div class="product-tile__quick-add-count is-transparent"><div class="product-tile__quick-add-quantity"><div class="product-tile__quantity-spinner product-tile__quantity-spinner__quantity js-quantity-indicator">1</div><div class="product-tile__quantity-spinner product-tile__quantity-spinner__previous-quantity js-quantity-indicator">1</div></div><div class="product-tile__quick-add-quantity-label"><div class="product-tile__quick-add-quantity-label-result">added</div><div class="product-tile__quick-add-quantity-label-summary">in your basket</div></div><div class="product-tile__quick-add-gift"><i class="icon icon-share-gift"></i></div><div class="product-tile__quick-add-gift-label"><div class="product-tile__quick-add-gift-summary">Gift in your basket</div></div></div><div class="product-tile__quick-add-buttons"><button class="btn product-tile__quick-add-button product-tile__quick-add-button-remove js-product-tile__quick-remove"><div class="product-tile__quick-add-minus"></div></button><button class="btn product-tile__quick-add-button product-tile__quick-add-button-add js-product-tile__quick-add"><div class="product-tile__quick-add-plus"></div></button></div></div></div><div class="product-tile__product-info"><div class="product-tile__product-name-and-details"><a class="js-producer-link" href="https://www.goodeggs.com/eoproductssfbay"><div class="product-tile__producer-name">EO/Everyone</div></a><a class="js-product-link" href="https://www.goodeggs.com/sfbay/eoproductssfbay/unscented-3-in-1-soap/604a8f70acff8900125ed066"><h5 class="product-tile__product-name">Unscented 3 in 1 Soap</h5></a></div><div class="product-tile__price-info product-tile-collapsing-row clearfix"><div class="product-tile__purchase-price product-tile-collapsing-row__fixed-right"><div class="split-price"><span class="split-price__dollars">10</span><span class="split-price__cents">99</span></div></div><div class="product-tile__comparison-price product-tile-collapsing-row__secondary-info"><span class="price-per">$0.34 </span>/ <span class="per-unit">oz</span></div><div class="product-tile__purchase-unit product-tile-collapsing-row__primary-info">32 oz</div></div></div></div></div><div class="grid-item lazyloaded" data-product-id="604a8b58acff8900125ed065"><div class="product-tile product-tile--compact product-tile--market" data-id="604a8b58acff8900125ed065"><div class="product-tile__favorite not-favorited"><div><div class="product-tile__favorite-circle"><svg class="product-tile__favorite-heart" viewBox="8.9 7.8 18 16.633654"><path d="m 17.89989,23.433653 c 0.631042,-0.630881 4.233291,-4.23521 6.485296,-6.486896 2.017605,-2.017765 1.974565,-4.958732 0.140161,-6.783217 -1.834405,-1.8249642 -4.800652,-1.8169641 -6.625457,0.0176 -1.824645,-1.8345641 -4.790892,-1.8425642 -6.625297,-0.0176 -1.8344041,1.824485 -1.8772842,4.765452 0.140161,6.783217 2.251845,2.251686 5.854574,5.856015 6.485136,6.486896 l 0,0 z"></path></svg></div></div></div><div class="product-tile__product-visuals"><a href="https://www.goodeggs.com/sfbay/eoproductssfbay/lavender-lullaby-kids-3-in-1-soap/604a8b58acff8900125ed065" class="js-product-tile__product-photo-wrapper js-product-photo-link js-product-link" data-alt="Lavender Lullaby Kids 3 in 1 Soap" data-src="https://goodeggs4.imgix.net/5a78c8dd-e772-42a7-aa49-457d42af21eb.jpeg?w=380&amp;h=238&amp;fm=jpg&amp;auto=compress&amp;fit=crop"><img class="product-tile__product-photo" alt="Lavender Lullaby Kids 3 in 1 Soap" src="./Health &amp; Home _ SF Bay _ Good Eggs_files/5a78c8dd-e772-42a7-aa49-457d42af21eb.jpeg"></a><div class="product-tile__product-photo-tinter"></div><div class="product-tile__quick-add"><div class="product-tile__quick-add-count is-transparent"><div class="product-tile__quick-add-quantity"><div class="product-tile__quantity-spinner product-tile__quantity-spinner__quantity js-quantity-indicator">1</div><div class="product-tile__quantity-spinner product-tile__quantity-spinner__previous-quantity js-quantity-indicator">1</div></div><div class="product-tile__quick-add-quantity-label"><div class="product-tile__quick-add-quantity-label-result">added</div><div class="product-tile__quick-add-quantity-label-summary">in your basket</div></div><div class="product-tile__quick-add-gift"><i class="icon icon-share-gift"></i></div><div class="product-tile__quick-add-gift-label"><div class="product-tile__quick-add-gift-summary">Gift in your basket</div></div></div><div class="product-tile__quick-add-buttons"><button class="btn product-tile__quick-add-button product-tile__quick-add-button-remove js-product-tile__quick-remove"><div class="product-tile__quick-add-minus"></div></button><button class="btn product-tile__quick-add-button product-tile__quick-add-button-add js-product-tile__quick-add"><div class="product-tile__quick-add-plus"></div></button></div></div></div><div class="product-tile__product-info"><div class="product-tile__product-name-and-details"><a class="js-producer-link" href="https://www.goodeggs.com/eoproductssfbay"><div class="product-tile__producer-name">EO/Everyone</div></a><a class="js-product-link" href="https://www.goodeggs.com/sfbay/eoproductssfbay/lavender-lullaby-kids-3-in-1-soap/604a8b58acff8900125ed065"><h5 class="product-tile__product-name">Lavender Lullaby Kids 3 in 1 Soap</h5></a></div><div class="product-tile__price-info product-tile-collapsing-row clearfix"><div class="product-tile__purchase-price product-tile-collapsing-row__fixed-right"><div class="split-price"><span class="split-price__dollars">10</span><span class="split-price__cents">99</span></div></div><div class="product-tile__comparison-price product-tile-collapsing-row__secondary-info"><span class="price-per">$0.34 </span>/ <span class="per-unit">oz</span></div><div class="product-tile__purchase-unit product-tile-collapsing-row__primary-info">32 oz</div></div></div></div></div><div class="grid-item lazyloaded" data-product-id="6079ece4844953001228e990"><div class="product-tile product-tile--compact product-tile--market" data-id="6079ece4844953001228e990"><div class="product-tile__favorite not-favorited"><div><div class="product-tile__favorite-circle"><svg class="product-tile__favorite-heart" viewBox="8.9 7.8 18 16.633654"><path d="m 17.89989,23.433653 c 0.631042,-0.630881 4.233291,-4.23521 6.485296,-6.486896 2.017605,-2.017765 1.974565,-4.958732 0.140161,-6.783217 -1.834405,-1.8249642 -4.800652,-1.8169641 -6.625457,0.0176 -1.824645,-1.8345641 -4.790892,-1.8425642 -6.625297,-0.0176 -1.8344041,1.824485 -1.8772842,4.765452 0.140161,6.783217 2.251845,2.251686 5.854574,5.856015 6.485136,6.486896 l 0,0 z"></path></svg></div></div></div><div class="product-tile__product-visuals"><a href="https://www.goodeggs.com/sfbay/andalounaturals/citrus-sunflower-uplifting-shower-gel/6079ece4844953001228e990" class="js-product-tile__product-photo-wrapper js-product-photo-link js-product-link" data-alt="Citrus Sunflower Uplifting Shower Gel" data-src="https://goodeggs4.imgix.net/072a91f6-0452-4773-8ed8-ca6d000b1bed.jpg?w=380&amp;h=238&amp;fm=jpg&amp;auto=compress&amp;fit=crop"><img class="product-tile__product-photo" alt="Citrus Sunflower Uplifting Shower Gel" src="./Health &amp; Home _ SF Bay _ Good Eggs_files/072a91f6-0452-4773-8ed8-ca6d000b1bed.jpg"></a><div class="product-tile__product-photo-tinter"></div><div class="product-tile__quick-add"><div class="product-tile__quick-add-count is-transparent"><div class="product-tile__quick-add-quantity"><div class="product-tile__quantity-spinner product-tile__quantity-spinner__quantity js-quantity-indicator">1</div><div class="product-tile__quantity-spinner product-tile__quantity-spinner__previous-quantity js-quantity-indicator">1</div></div><div class="product-tile__quick-add-quantity-label"><div class="product-tile__quick-add-quantity-label-result">added</div><div class="product-tile__quick-add-quantity-label-summary">in your basket</div></div><div class="product-tile__quick-add-gift"><i class="icon icon-share-gift"></i></div><div class="product-tile__quick-add-gift-label"><div class="product-tile__quick-add-gift-summary">Gift in your basket</div></div></div><div class="product-tile__quick-add-buttons"><button class="btn product-tile__quick-add-button product-tile__quick-add-button-remove js-product-tile__quick-remove"><div class="product-tile__quick-add-minus"></div></button><button class="btn product-tile__quick-add-button product-tile__quick-add-button-add js-product-tile__quick-add"><div class="product-tile__quick-add-plus"></div></button></div></div></div><div class="product-tile__product-info"><div class="product-tile__product-name-and-details"><a class="js-producer-link" href="https://www.goodeggs.com/andalounaturals"><div class="product-tile__producer-name">Andalou Naturals</div></a><a class="js-product-link" href="https://www.goodeggs.com/sfbay/andalounaturals/citrus-sunflower-uplifting-shower-gel/6079ece4844953001228e990"><h5 class="product-tile__product-name">Citrus Sunflower Uplifting Shower Gel</h5></a></div><div class="product-tile__price-info product-tile-collapsing-row clearfix"><div class="product-tile__purchase-price product-tile-collapsing-row__fixed-right"><div class="split-price"><span class="split-price__dollars">9</span><span class="split-price__cents">99</span></div></div><div class="product-tile__comparison-price product-tile-collapsing-row__secondary-info"><span class="price-per">$1.17 </span>/ <span class="per-unit">oz</span></div><div class="product-tile__purchase-unit product-tile-collapsing-row__primary-info">8.5 oz</div></div></div></div></div><div class="grid-item lazyloaded" data-product-id="6079eaeb90b9c70012693dfb"><div class="product-tile product-tile--compact product-tile--market" data-id="6079eaeb90b9c70012693dfb"><div class="product-tile__favorite not-favorited"><div><div class="product-tile__favorite-circle"><svg class="product-tile__favorite-heart" viewBox="8.9 7.8 18 16.633654"><path d="m 17.89989,23.433653 c 0.631042,-0.630881 4.233291,-4.23521 6.485296,-6.486896 2.017605,-2.017765 1.974565,-4.958732 0.140161,-6.783217 -1.834405,-1.8249642 -4.800652,-1.8169641 -6.625457,0.0176 -1.824645,-1.8345641 -4.790892,-1.8425642 -6.625297,-0.0176 -1.8344041,1.824485 -1.8772842,4.765452 0.140161,6.783217 2.251845,2.251686 5.854574,5.856015 6.485136,6.486896 l 0,0 z"></path></svg></div></div></div><div class="product-tile__product-visuals"><a href="https://www.goodeggs.com/sfbay/andalounaturals/lavender-thyme-refreshing-shower-gel/6079eaeb90b9c70012693dfb" class="js-product-tile__product-photo-wrapper js-product-photo-link js-product-link" data-alt="Lavender Thyme Refreshing Shower Gel" data-src="https://goodeggs4.imgix.net/0135e46f-2c38-4dd9-acf3-984989253d5c.jpg?w=380&amp;h=238&amp;fm=jpg&amp;auto=compress&amp;fit=crop"><img class="product-tile__product-photo" alt="Lavender Thyme Refreshing Shower Gel" src="./Health &amp; Home _ SF Bay _ Good Eggs_files/0135e46f-2c38-4dd9-acf3-984989253d5c.jpg"></a><div class="product-tile__product-photo-tinter"></div><div class="product-tile__quick-add"><div class="product-tile__quick-add-count is-transparent"><div class="product-tile__quick-add-quantity"><div class="product-tile__quantity-spinner product-tile__quantity-spinner__quantity js-quantity-indicator">1</div><div class="product-tile__quantity-spinner product-tile__quantity-spinner__previous-quantity js-quantity-indicator">1</div></div><div class="product-tile__quick-add-quantity-label"><div class="product-tile__quick-add-quantity-label-result">added</div><div class="product-tile__quick-add-quantity-label-summary">in your basket</div></div><div class="product-tile__quick-add-gift"><i class="icon icon-share-gift"></i></div><div class="product-tile__quick-add-gift-label"><div class="product-tile__quick-add-gift-summary">Gift in your basket</div></div></div><div class="product-tile__quick-add-buttons"><button class="btn product-tile__quick-add-button product-tile__quick-add-button-remove js-product-tile__quick-remove"><div class="product-tile__quick-add-minus"></div></button><button class="btn product-tile__quick-add-button product-tile__quick-add-button-add js-product-tile__quick-add"><div class="product-tile__quick-add-plus"></div></button></div></div></div><div class="product-tile__product-info"><div class="product-tile__product-name-and-details"><a class="js-producer-link" href="https://www.goodeggs.com/andalounaturals"><div class="product-tile__producer-name">Andalou Naturals</div></a><a class="js-product-link" href="https://www.goodeggs.com/sfbay/andalounaturals/lavender-thyme-refreshing-shower-gel/6079eaeb90b9c70012693dfb"><h5 class="product-tile__product-name">Lavender Thyme Refreshing Shower Gel</h5></a></div><div class="product-tile__price-info product-tile-collapsing-row clearfix"><div class="product-tile__purchase-price product-tile-collapsing-row__fixed-right"><div class="split-price"><span class="split-price__dollars">9</span><span class="split-price__cents">99</span></div></div><div class="product-tile__comparison-price product-tile-collapsing-row__secondary-info"><span class="price-per">$1.17 </span>/ <span class="per-unit">oz</span></div><div class="product-tile__purchase-unit product-tile-collapsing-row__primary-info">8.5 oz</div></div></div></div></div><div class="grid-item lazyloaded" data-product-id="604a8a59f7699c0012bd6580"><div class="product-tile product-tile--compact product-tile--market" data-id="604a8a59f7699c0012bd6580"><div class="product-tile__favorite not-favorited"><div><div class="product-tile__favorite-circle"><svg class="product-tile__favorite-heart" viewBox="8.9 7.8 18 16.633654"><path d="m 17.89989,23.433653 c 0.631042,-0.630881 4.233291,-4.23521 6.485296,-6.486896 2.017605,-2.017765 1.974565,-4.958732 0.140161,-6.783217 -1.834405,-1.8249642 -4.800652,-1.8169641 -6.625457,0.0176 -1.824645,-1.8345641 -4.790892,-1.8425642 -6.625297,-0.0176 -1.8344041,1.824485 -1.8772842,4.765452 0.140161,6.783217 2.251845,2.251686 5.854574,5.856015 6.485136,6.486896 l 0,0 z"></path></svg></div></div></div><div class="product-tile__product-visuals"><a href="https://www.goodeggs.com/sfbay/eoproductssfbay/tropical-coconut-twist-kids-3-in-1-soap/604a8a59f7699c0012bd6580" class="js-product-tile__product-photo-wrapper js-product-photo-link js-product-link" data-alt="Tropical Coconut Twist Kids 3 in 1 Soap" data-src="https://goodeggs4.imgix.net/5289f06d-51c0-48ba-bb9e-efce977a9a05.jpeg?w=380&amp;h=238&amp;fm=jpg&amp;auto=compress&amp;fit=crop"><img class="product-tile__product-photo" alt="Tropical Coconut Twist Kids 3 in 1 Soap" src="./Health &amp; Home _ SF Bay _ Good Eggs_files/5289f06d-51c0-48ba-bb9e-efce977a9a05.jpeg"></a><div class="product-tile__product-photo-tinter"></div><div class="product-tile__quick-add"><div class="product-tile__quick-add-count is-transparent"><div class="product-tile__quick-add-quantity"><div class="product-tile__quantity-spinner product-tile__quantity-spinner__quantity js-quantity-indicator">1</div><div class="product-tile__quantity-spinner product-tile__quantity-spinner__previous-quantity js-quantity-indicator">1</div></div><div class="product-tile__quick-add-quantity-label"><div class="product-tile__quick-add-quantity-label-result">added</div><div class="product-tile__quick-add-quantity-label-summary">in your basket</div></div><div class="product-tile__quick-add-gift"><i class="icon icon-share-gift"></i></div><div class="product-tile__quick-add-gift-label"><div class="product-tile__quick-add-gift-summary">Gift in your basket</div></div></div><div class="product-tile__quick-add-buttons"><button class="btn product-tile__quick-add-button product-tile__quick-add-button-remove js-product-tile__quick-remove"><div class="product-tile__quick-add-minus"></div></button><button class="btn product-tile__quick-add-button product-tile__quick-add-button-add js-product-tile__quick-add"><div class="product-tile__quick-add-plus"></div></button></div></div></div><div class="product-tile__product-info"><div class="product-tile__product-name-and-details"><a class="js-producer-link" href="https://www.goodeggs.com/eoproductssfbay"><div class="product-tile__producer-name">EO/Everyone</div></a><a class="js-product-link" href="https://www.goodeggs.com/sfbay/eoproductssfbay/tropical-coconut-twist-kids-3-in-1-soap/604a8a59f7699c0012bd6580"><h5 class="product-tile__product-name">Tropical Coconut Twist Kids 3 in 1 Soap</h5></a></div><div class="product-tile__price-info product-tile-collapsing-row clearfix"><div class="product-tile__purchase-price product-tile-collapsing-row__fixed-right"><div class="split-price"><span class="split-price__dollars">10</span><span class="split-price__cents">99</span></div></div><div class="product-tile__comparison-price product-tile-collapsing-row__secondary-info"><span class="price-per">$0.34 </span>/ <span class="per-unit">oz</span></div><div class="product-tile__purchase-unit product-tile-collapsing-row__primary-info">32 oz</div></div></div></div></div><div class="grid-item lazyloaded" data-product-id="6079e8d5844953001228e98f"><div class="product-tile product-tile--compact product-tile--market" data-id="6079e8d5844953001228e98f"><div class="product-tile__favorite not-favorited"><div><div class="product-tile__favorite-circle"><svg class="product-tile__favorite-heart" viewBox="8.9 7.8 18 16.633654"><path d="m 17.89989,23.433653 c 0.631042,-0.630881 4.233291,-4.23521 6.485296,-6.486896 2.017605,-2.017765 1.974565,-4.958732 0.140161,-6.783217 -1.834405,-1.8249642 -4.800652,-1.8169641 -6.625457,0.0176 -1.824645,-1.8345641 -4.790892,-1.8425642 -6.625297,-0.0176 -1.8344041,1.824485 -1.8772842,4.765452 0.140161,6.783217 2.251845,2.251686 5.854574,5.856015 6.485136,6.486896 l 0,0 z"></path></svg></div></div></div><div class="product-tile__product-visuals"><a href="https://www.goodeggs.com/sfbay/andalounaturals/1000-roses-soothing-shower-gel/6079e8d5844953001228e98f" class="js-product-tile__product-photo-wrapper js-product-photo-link js-product-link" data-alt="1000 Roses Soothing Shower Gel" data-src="https://goodeggs4.imgix.net/bd549bba-db61-48f1-b4d4-4419441db0bb.jpeg?w=380&amp;h=238&amp;fm=jpg&amp;auto=compress&amp;fit=crop"><img class="product-tile__product-photo" alt="1000 Roses Soothing Shower Gel" src="./Health &amp; Home _ SF Bay _ Good Eggs_files/bd549bba-db61-48f1-b4d4-4419441db0bb.jpeg"></a><div class="product-tile__product-photo-tinter"></div><div class="product-tile__quick-add"><div class="product-tile__quick-add-count is-transparent"><div class="product-tile__quick-add-quantity"><div class="product-tile__quantity-spinner product-tile__quantity-spinner__quantity js-quantity-indicator">1</div><div class="product-tile__quantity-spinner product-tile__quantity-spinner__previous-quantity js-quantity-indicator">1</div></div><div class="product-tile__quick-add-quantity-label"><div class="product-tile__quick-add-quantity-label-result">added</div><div class="product-tile__quick-add-quantity-label-summary">in your basket</div></div><div class="product-tile__quick-add-gift"><i class="icon icon-share-gift"></i></div><div class="product-tile__quick-add-gift-label"><div class="product-tile__quick-add-gift-summary">Gift in your basket</div></div></div><div class="product-tile__quick-add-buttons"><button class="btn product-tile__quick-add-button product-tile__quick-add-button-remove js-product-tile__quick-remove"><div class="product-tile__quick-add-minus"></div></button><button class="btn product-tile__quick-add-button product-tile__quick-add-button-add js-product-tile__quick-add"><div class="product-tile__quick-add-plus"></div></button></div></div></div><div class="product-tile__product-info"><div class="product-tile__product-name-and-details"><a class="js-producer-link" href="https://www.goodeggs.com/andalounaturals"><div class="product-tile__producer-name">Andalou Naturals</div></a><a class="js-product-link" href="https://www.goodeggs.com/sfbay/andalounaturals/1000-roses-soothing-shower-gel/6079e8d5844953001228e98f"><h5 class="product-tile__product-name">1000 Roses Soothing Shower Gel</h5></a></div><div class="product-tile__price-info product-tile-collapsing-row clearfix"><div class="product-tile__purchase-price product-tile-collapsing-row__fixed-right"><div class="split-price"><span class="split-price__dollars">18</span><span class="split-price__cents">99</span></div></div><div class="product-tile__comparison-price product-tile-collapsing-row__secondary-info"><span class="price-per">$0.59 </span>/ <span class="per-unit">oz</span></div><div class="product-tile__purchase-unit product-tile-collapsing-row__primary-info">32 oz</div></div></div></div></div><div class="grid-item" data-product-id="5fc949300de7bd000feb9365"><div class="product-tile product-tile--compact product-tile--market" data-id="5fc949300de7bd000feb9365"><div class="product-tile__favorite not-favorited"><div><div class="product-tile__favorite-circle"><svg class="product-tile__favorite-heart" viewBox="8.9 7.8 18 16.633654"><path d="m 17.89989,23.433653 c 0.631042,-0.630881 4.233291,-4.23521 6.485296,-6.486896 2.017605,-2.017765 1.974565,-4.958732 0.140161,-6.783217 -1.834405,-1.8249642 -4.800652,-1.8169641 -6.625457,0.0176 -1.824645,-1.8345641 -4.790892,-1.8425642 -6.625297,-0.0176 -1.8344041,1.824485 -1.8772842,4.765452 0.140161,6.783217 2.251845,2.251686 5.854574,5.856015 6.485136,6.486896 l 0,0 z"></path></svg></div></div></div><div class="product-tile__product-visuals"><a href="https://www.goodeggs.com/sfbay/juniperridge/coast-gift-set/5fc949300de7bd000feb9365" class="js-product-tile__product-photo-wrapper js-product-photo-link js-product-link" data-alt="Coast Gift Set" data-src="https://goodeggs4.imgix.net/5e5a9d28-ce34-4b69-826b-f7971adfe307.jpg?w=380&amp;h=238&amp;fm=jpg&amp;auto=compress&amp;fit=crop"><img class="product-tile__product-photo" alt="Coast Gift Set" src="./Health &amp; Home _ SF Bay _ Good Eggs_files/5e5a9d28-ce34-4b69-826b-f7971adfe307.jpg"></a><div class="product-tile__product-photo-tinter"></div><div class="product-tile__quick-add"><div class="product-tile__quick-add-count is-transparent"><div class="product-tile__quick-add-quantity"><div class="product-tile__quantity-spinner product-tile__quantity-spinner__quantity js-quantity-indicator">1</div><div class="product-tile__quantity-spinner product-tile__quantity-spinner__previous-quantity js-quantity-indicator">1</div></div><div class="product-tile__quick-add-quantity-label"><div class="product-tile__quick-add-quantity-label-result">added</div><div class="product-tile__quick-add-quantity-label-summary">in your basket</div></div><div class="product-tile__quick-add-gift"><i class="icon icon-share-gift"></i></div><div class="product-tile__quick-add-gift-label"><div class="product-tile__quick-add-gift-summary">Gift in your basket</div></div></div><div class="product-tile__quick-add-buttons"><button class="btn product-tile__quick-add-button product-tile__quick-add-button-remove js-product-tile__quick-remove"><div class="product-tile__quick-add-minus"></div></button><button class="btn product-tile__quick-add-button product-tile__quick-add-button-add js-product-tile__quick-add"><div class="product-tile__quick-add-plus"></div></button></div></div></div><div class="product-tile__product-info"><div class="product-tile__product-name-and-details"><a class="js-producer-link" href="https://www.goodeggs.com/juniperridge"><div class="product-tile__producer-name">Juniper Ridge</div></a><a class="js-product-link" href="https://www.goodeggs.com/sfbay/juniperridge/coast-gift-set/5fc949300de7bd000feb9365"><h5 class="product-tile__product-name">Coast Gift Set</h5></a></div><div class="product-tile__price-info product-tile-collapsing-row clearfix"><div class="product-tile__purchase-price product-tile-collapsing-row__fixed-right"><div class="split-price"><span class="split-price__dollars">34</span><span class="split-price__cents">99</span></div></div><div class="product-tile__purchase-unit product-tile-collapsing-row__primary-info">3 count</div></div></div></div></div><div class="grid-item" data-product-id="5fc95d40fa0218000e6487d3"><div class="product-tile product-tile--compact product-tile--market" data-id="5fc95d40fa0218000e6487d3"><div class="product-tile__favorite not-favorited"><div><div class="product-tile__favorite-circle"><svg class="product-tile__favorite-heart" viewBox="8.9 7.8 18 16.633654"><path d="m 17.89989,23.433653 c 0.631042,-0.630881 4.233291,-4.23521 6.485296,-6.486896 2.017605,-2.017765 1.974565,-4.958732 0.140161,-6.783217 -1.834405,-1.8249642 -4.800652,-1.8169641 -6.625457,0.0176 -1.824645,-1.8345641 -4.790892,-1.8425642 -6.625297,-0.0176 -1.8344041,1.824485 -1.8772842,4.765452 0.140161,6.783217 2.251845,2.251686 5.854574,5.856015 6.485136,6.486896 l 0,0 z"></path></svg></div></div></div><div class="product-tile__product-visuals"><a href="https://www.goodeggs.com/sfbay/juniperridge/desert-gift-set/5fc95d40fa0218000e6487d3" class="js-product-tile__product-photo-wrapper js-product-photo-link js-product-link" data-alt="Desert Gift Set" data-src="https://goodeggs4.imgix.net/85fae300-70d6-4db9-ad34-f8538e73917f.jpg?w=380&amp;h=238&amp;fm=jpg&amp;auto=compress&amp;fit=crop"><img class="product-tile__product-photo" alt="Desert Gift Set" src="./Health &amp; Home _ SF Bay _ Good Eggs_files/85fae300-70d6-4db9-ad34-f8538e73917f.jpg"></a><div class="product-tile__product-photo-tinter"></div><div class="product-tile__quick-add"><div class="product-tile__quick-add-count is-transparent"><div class="product-tile__quick-add-quantity"><div class="product-tile__quantity-spinner product-tile__quantity-spinner__quantity js-quantity-indicator">1</div><div class="product-tile__quantity-spinner product-tile__quantity-spinner__previous-quantity js-quantity-indicator">1</div></div><div class="product-tile__quick-add-quantity-label"><div class="product-tile__quick-add-quantity-label-result">added</div><div class="product-tile__quick-add-quantity-label-summary">in your basket</div></div><div class="product-tile__quick-add-gift"><i class="icon icon-share-gift"></i></div><div class="product-tile__quick-add-gift-label"><div class="product-tile__quick-add-gift-summary">Gift in your basket</div></div></div><div class="product-tile__quick-add-buttons"><button class="btn product-tile__quick-add-button product-tile__quick-add-button-remove js-product-tile__quick-remove"><div class="product-tile__quick-add-minus"></div></button><button class="btn product-tile__quick-add-button product-tile__quick-add-button-add js-product-tile__quick-add"><div class="product-tile__quick-add-plus"></div></button></div></div></div><div class="product-tile__product-info"><div class="product-tile__product-name-and-details"><a class="js-producer-link" href="https://www.goodeggs.com/juniperridge"><div class="product-tile__producer-name">Juniper Ridge</div></a><a class="js-product-link" href="https://www.goodeggs.com/sfbay/juniperridge/desert-gift-set/5fc95d40fa0218000e6487d3"><h5 class="product-tile__product-name">Desert Gift Set</h5></a></div><div class="product-tile__price-info product-tile-collapsing-row clearfix"><div class="product-tile__purchase-price product-tile-collapsing-row__fixed-right"><div class="split-price"><span class="split-price__dollars">34</span><span class="split-price__cents">99</span></div></div><div class="product-tile__purchase-unit product-tile-collapsing-row__primary-info">3 count</div></div></div></div></div><div class="grid-item" data-product-id="5fc964960cc199000e32fa82"><div class="product-tile product-tile--compact product-tile--market" data-id="5fc964960cc199000e32fa82"><div class="product-tile__favorite not-favorited"><div><div class="product-tile__favorite-circle"><svg class="product-tile__favorite-heart" viewBox="8.9 7.8 18 16.633654"><path d="m 17.89989,23.433653 c 0.631042,-0.630881 4.233291,-4.23521 6.485296,-6.486896 2.017605,-2.017765 1.974565,-4.958732 0.140161,-6.783217 -1.834405,-1.8249642 -4.800652,-1.8169641 -6.625457,0.0176 -1.824645,-1.8345641 -4.790892,-1.8425642 -6.625297,-0.0176 -1.8344041,1.824485 -1.8772842,4.765452 0.140161,6.783217 2.251845,2.251686 5.854574,5.856015 6.485136,6.486896 l 0,0 z"></path></svg></div></div></div><div class="product-tile__product-visuals"><a href="https://www.goodeggs.com/sfbay/juniperridge/holiday-gift-set/5fc964960cc199000e32fa82" class="js-product-tile__product-photo-wrapper js-product-photo-link js-product-link" data-alt="Holiday Gift Set" data-src="https://goodeggs4.imgix.net/9cb926af-75a8-4bb3-bed3-2a52d4f0533c.jpg?w=380&amp;h=238&amp;fm=jpg&amp;auto=compress&amp;fit=crop"><img class="product-tile__product-photo" alt="Holiday Gift Set" src="./Health &amp; Home _ SF Bay _ Good Eggs_files/9cb926af-75a8-4bb3-bed3-2a52d4f0533c.jpg"></a><div class="product-tile__product-photo-tinter"></div><div class="product-tile__quick-add"><div class="product-tile__quick-add-count is-transparent"><div class="product-tile__quick-add-quantity"><div class="product-tile__quantity-spinner product-tile__quantity-spinner__quantity js-quantity-indicator">1</div><div class="product-tile__quantity-spinner product-tile__quantity-spinner__previous-quantity js-quantity-indicator">1</div></div><div class="product-tile__quick-add-quantity-label"><div class="product-tile__quick-add-quantity-label-result">added</div><div class="product-tile__quick-add-quantity-label-summary">in your basket</div></div><div class="product-tile__quick-add-gift"><i class="icon icon-share-gift"></i></div><div class="product-tile__quick-add-gift-label"><div class="product-tile__quick-add-gift-summary">Gift in your basket</div></div></div><div class="product-tile__quick-add-buttons"><button class="btn product-tile__quick-add-button product-tile__quick-add-button-remove js-product-tile__quick-remove"><div class="product-tile__quick-add-minus"></div></button><button class="btn product-tile__quick-add-button product-tile__quick-add-button-add js-product-tile__quick-add"><div class="product-tile__quick-add-plus"></div></button></div></div></div><div class="product-tile__product-info"><div class="product-tile__product-name-and-details"><a class="js-producer-link" href="https://www.goodeggs.com/juniperridge"><div class="product-tile__producer-name">Juniper Ridge</div></a><a class="js-product-link" href="https://www.goodeggs.com/sfbay/juniperridge/holiday-gift-set/5fc964960cc199000e32fa82"><h5 class="product-tile__product-name">Holiday Gift Set</h5></a></div><div class="product-tile__price-info product-tile-collapsing-row clearfix"><div class="product-tile__purchase-price product-tile-collapsing-row__fixed-right"><div class="split-price"><span class="split-price__dollars">34</span><span class="split-price__cents">99</span></div></div><div class="product-tile__purchase-unit product-tile-collapsing-row__primary-info">3 count</div></div></div></div></div></div></div></div><div id="bath-deodorant" class="section-page"><div class="product-listings-view__section-anchor" id="health-home-bath-body-bath-deodorant"></div><h3 class="listings-section-header">Deodorant</h3><div class="page"><div class="grid-items"><div class="grid-item lazyloaded" data-product-id="604a9515acff8900125ed068"><div class="product-tile product-tile--compact product-tile--market" data-id="604a9515acff8900125ed068"><div class="product-tile__favorite not-favorited"><div><div class="product-tile__favorite-circle"><svg class="product-tile__favorite-heart" viewBox="8.9 7.8 18 16.633654"><path d="m 17.89989,23.433653 c 0.631042,-0.630881 4.233291,-4.23521 6.485296,-6.486896 2.017605,-2.017765 1.974565,-4.958732 0.140161,-6.783217 -1.834405,-1.8249642 -4.800652,-1.8169641 -6.625457,0.0176 -1.824645,-1.8345641 -4.790892,-1.8425642 -6.625297,-0.0176 -1.8344041,1.824485 -1.8772842,4.765452 0.140161,6.783217 2.251845,2.251686 5.854574,5.856015 6.485136,6.486896 l 0,0 z"></path></svg></div></div></div><div class="product-tile__product-visuals"><a href="https://www.goodeggs.com/sfbay/eoproductssfbay/organic-citrus-deodorant-spray/604a9515acff8900125ed068" class="js-product-tile__product-photo-wrapper js-product-photo-link js-product-link" data-alt="Organic Citrus Deodorant Spray" data-src="https://goodeggs4.imgix.net/bbf92e53-92e7-44c4-ae33-b83728943cf2.jpeg?w=380&amp;h=238&amp;fm=jpg&amp;auto=compress&amp;fit=crop"><img class="product-tile__product-photo" alt="Organic Citrus Deodorant Spray" src="./Health &amp; Home _ SF Bay _ Good Eggs_files/bbf92e53-92e7-44c4-ae33-b83728943cf2.jpeg"></a><div class="product-tile__product-photo-tinter"></div><div class="product-tile__quick-add"><div class="product-tile__quick-add-count is-transparent"><div class="product-tile__quick-add-quantity"><div class="product-tile__quantity-spinner product-tile__quantity-spinner__quantity js-quantity-indicator">1</div><div class="product-tile__quantity-spinner product-tile__quantity-spinner__previous-quantity js-quantity-indicator">1</div></div><div class="product-tile__quick-add-quantity-label"><div class="product-tile__quick-add-quantity-label-result">added</div><div class="product-tile__quick-add-quantity-label-summary">in your basket</div></div><div class="product-tile__quick-add-gift"><i class="icon icon-share-gift"></i></div><div class="product-tile__quick-add-gift-label"><div class="product-tile__quick-add-gift-summary">Gift in your basket</div></div></div><div class="product-tile__quick-add-buttons"><button class="btn product-tile__quick-add-button product-tile__quick-add-button-remove js-product-tile__quick-remove"><div class="product-tile__quick-add-minus"></div></button><button class="btn product-tile__quick-add-button product-tile__quick-add-button-add js-product-tile__quick-add"><div class="product-tile__quick-add-plus"></div></button></div></div></div><div class="product-tile__product-info"><div class="product-tile__product-name-and-details"><a class="js-producer-link" href="https://www.goodeggs.com/eoproductssfbay"><div class="product-tile__producer-name">EO/Everyone</div></a><a class="js-product-link" href="https://www.goodeggs.com/sfbay/eoproductssfbay/organic-citrus-deodorant-spray/604a9515acff8900125ed068"><h5 class="product-tile__product-name">Organic Citrus Deodorant Spray</h5></a></div><div class="product-tile__price-info product-tile-collapsing-row clearfix"><div class="product-tile__purchase-price product-tile-collapsing-row__fixed-right"><div class="split-price"><span class="split-price__dollars">6</span><span class="split-price__cents">99</span></div></div><div class="product-tile__comparison-price product-tile-collapsing-row__secondary-info"><span class="price-per">$1.74 </span>/ <span class="per-unit">oz</span></div><div class="product-tile__purchase-unit product-tile-collapsing-row__primary-info">4 oz</div></div></div></div></div><div class="grid-item lazyloaded" data-product-id="6079dbde513fe4001246ec6c"><div class="product-tile product-tile--compact product-tile--market" data-id="6079dbde513fe4001246ec6c"><div class="product-tile__favorite not-favorited"><div><div class="product-tile__favorite-circle"><svg class="product-tile__favorite-heart" viewBox="8.9 7.8 18 16.633654"><path d="m 17.89989,23.433653 c 0.631042,-0.630881 4.233291,-4.23521 6.485296,-6.486896 2.017605,-2.017765 1.974565,-4.958732 0.140161,-6.783217 -1.834405,-1.8249642 -4.800652,-1.8169641 -6.625457,0.0176 -1.824645,-1.8345641 -4.790892,-1.8425642 -6.625297,-0.0176 -1.8344041,1.824485 -1.8772842,4.765452 0.140161,6.783217 2.251845,2.251686 5.854574,5.856015 6.485136,6.486896 l 0,0 z"></path></svg></div></div></div><div class="product-tile__product-visuals"><a href="https://www.goodeggs.com/sfbay/andalounaturals/rose-pomegranate-botanical-deodorant/6079dbde513fe4001246ec6c" class="js-product-tile__product-photo-wrapper js-product-photo-link js-product-link" data-alt="Rose Pomegranate Botanical Deodorant" data-src="https://goodeggs4.imgix.net/2cdeb11a-d450-4fea-97f8-12bd7ea041fa.jpeg?w=380&amp;h=238&amp;fm=jpg&amp;auto=compress&amp;fit=crop"><img class="product-tile__product-photo" alt="Rose Pomegranate Botanical Deodorant" src="./Health &amp; Home _ SF Bay _ Good Eggs_files/2cdeb11a-d450-4fea-97f8-12bd7ea041fa.jpeg"></a><div class="product-tile__product-photo-tinter"></div><div class="product-tile__quick-add"><div class="product-tile__quick-add-count is-transparent"><div class="product-tile__quick-add-quantity"><div class="product-tile__quantity-spinner product-tile__quantity-spinner__quantity js-quantity-indicator">1</div><div class="product-tile__quantity-spinner product-tile__quantity-spinner__previous-quantity js-quantity-indicator">1</div></div><div class="product-tile__quick-add-quantity-label"><div class="product-tile__quick-add-quantity-label-result">added</div><div class="product-tile__quick-add-quantity-label-summary">in your basket</div></div><div class="product-tile__quick-add-gift"><i class="icon icon-share-gift"></i></div><div class="product-tile__quick-add-gift-label"><div class="product-tile__quick-add-gift-summary">Gift in your basket</div></div></div><div class="product-tile__quick-add-buttons"><button class="btn product-tile__quick-add-button product-tile__quick-add-button-remove js-product-tile__quick-remove"><div class="product-tile__quick-add-minus"></div></button><button class="btn product-tile__quick-add-button product-tile__quick-add-button-add js-product-tile__quick-add"><div class="product-tile__quick-add-plus"></div></button></div></div></div><div class="product-tile__product-info"><div class="product-tile__product-name-and-details"><a class="js-producer-link" href="https://www.goodeggs.com/andalounaturals"><div class="product-tile__producer-name">Andalou Naturals</div></a><a class="js-product-link" href="https://www.goodeggs.com/sfbay/andalounaturals/rose-pomegranate-botanical-deodorant/6079dbde513fe4001246ec6c"><h5 class="product-tile__product-name">Rose Pomegranate Botanical Deodorant</h5></a></div><div class="product-tile__price-info product-tile-collapsing-row clearfix"><div class="product-tile__purchase-price product-tile-collapsing-row__fixed-right"><div class="split-price"><span class="split-price__dollars">9</span><span class="split-price__cents">99</span></div></div><div class="product-tile__comparison-price product-tile-collapsing-row__secondary-info"><span class="price-per">$3.76 </span>/ <span class="per-unit">oz</span></div><div class="product-tile__purchase-unit product-tile-collapsing-row__primary-info">2.65 oz</div></div></div></div></div><div class="grid-item lazyloaded" data-product-id="6079d8eb513fe4001246ec6b"><div class="product-tile product-tile--compact product-tile--market" data-id="6079d8eb513fe4001246ec6b"><div class="product-tile__favorite not-favorited"><div><div class="product-tile__favorite-circle"><svg class="product-tile__favorite-heart" viewBox="8.9 7.8 18 16.633654"><path d="m 17.89989,23.433653 c 0.631042,-0.630881 4.233291,-4.23521 6.485296,-6.486896 2.017605,-2.017765 1.974565,-4.958732 0.140161,-6.783217 -1.834405,-1.8249642 -4.800652,-1.8169641 -6.625457,0.0176 -1.824645,-1.8345641 -4.790892,-1.8425642 -6.625297,-0.0176 -1.8344041,1.824485 -1.8772842,4.765452 0.140161,6.783217 2.251845,2.251686 5.854574,5.856015 6.485136,6.486896 l 0,0 z"></path></svg></div></div></div><div class="product-tile__product-visuals"><a href="https://www.goodeggs.com/sfbay/andalounaturals/lavender-thyme-botanical-deodorant/6079d8eb513fe4001246ec6b" class="js-product-tile__product-photo-wrapper js-product-photo-link js-product-link" data-alt="Lavender Thyme Botanical Deodorant" data-src="https://goodeggs4.imgix.net/a2cf78b2-1e7c-4f22-a071-3972984c1782.jpeg?w=380&amp;h=238&amp;fm=jpg&amp;auto=compress&amp;fit=crop"><img class="product-tile__product-photo" alt="Lavender Thyme Botanical Deodorant" src="./Health &amp; Home _ SF Bay _ Good Eggs_files/a2cf78b2-1e7c-4f22-a071-3972984c1782.jpeg"></a><div class="product-tile__product-photo-tinter"></div><div class="product-tile__quick-add"><div class="product-tile__quick-add-count is-transparent"><div class="product-tile__quick-add-quantity"><div class="product-tile__quantity-spinner product-tile__quantity-spinner__quantity js-quantity-indicator">1</div><div class="product-tile__quantity-spinner product-tile__quantity-spinner__previous-quantity js-quantity-indicator">1</div></div><div class="product-tile__quick-add-quantity-label"><div class="product-tile__quick-add-quantity-label-result">added</div><div class="product-tile__quick-add-quantity-label-summary">in your basket</div></div><div class="product-tile__quick-add-gift"><i class="icon icon-share-gift"></i></div><div class="product-tile__quick-add-gift-label"><div class="product-tile__quick-add-gift-summary">Gift in your basket</div></div></div><div class="product-tile__quick-add-buttons"><button class="btn product-tile__quick-add-button product-tile__quick-add-button-remove js-product-tile__quick-remove"><div class="product-tile__quick-add-minus"></div></button><button class="btn product-tile__quick-add-button product-tile__quick-add-button-add js-product-tile__quick-add"><div class="product-tile__quick-add-plus"></div></button></div></div></div><div class="product-tile__product-info"><div class="product-tile__product-name-and-details"><a class="js-producer-link" href="https://www.goodeggs.com/andalounaturals"><div class="product-tile__producer-name">Andalou Naturals</div></a><a class="js-product-link" href="https://www.goodeggs.com/sfbay/andalounaturals/lavender-thyme-botanical-deodorant/6079d8eb513fe4001246ec6b"><h5 class="product-tile__product-name">Lavender Thyme Botanical Deodorant</h5></a></div><div class="product-tile__price-info product-tile-collapsing-row clearfix"><div class="product-tile__purchase-price product-tile-collapsing-row__fixed-right"><div class="split-price"><span class="split-price__dollars">9</span><span class="split-price__cents">99</span></div></div><div class="product-tile__comparison-price product-tile-collapsing-row__secondary-info"><span class="price-per">$3.76 </span>/ <span class="per-unit">oz</span></div><div class="product-tile__purchase-unit product-tile-collapsing-row__primary-info">2.65 oz</div></div></div></div></div><div class="grid-item lazyloaded" data-product-id="604a939bbcf73300130e2e58"><div class="product-tile product-tile--compact product-tile--market" data-id="604a939bbcf73300130e2e58"><div class="product-tile__favorite not-favorited"><div><div class="product-tile__favorite-circle"><svg class="product-tile__favorite-heart" viewBox="8.9 7.8 18 16.633654"><path d="m 17.89989,23.433653 c 0.631042,-0.630881 4.233291,-4.23521 6.485296,-6.486896 2.017605,-2.017765 1.974565,-4.958732 0.140161,-6.783217 -1.834405,-1.8249642 -4.800652,-1.8169641 -6.625457,0.0176 -1.824645,-1.8345641 -4.790892,-1.8425642 -6.625297,-0.0176 -1.8344041,1.824485 -1.8772842,4.765452 0.140161,6.783217 2.251845,2.251686 5.854574,5.856015 6.485136,6.486896 l 0,0 z"></path></svg></div></div></div><div class="product-tile__product-visuals"><a href="https://www.goodeggs.com/sfbay/eoproductssfbay/organic-lavender-deodorant-spray/604a939bbcf73300130e2e58" class="js-product-tile__product-photo-wrapper js-product-photo-link js-product-link" data-alt="Organic Lavender Deodorant Spray" data-src="https://goodeggs4.imgix.net/1e522405-a82f-45bd-808b-61c3fa53f576.jpeg?w=380&amp;h=238&amp;fm=jpg&amp;auto=compress&amp;fit=crop"><img class="product-tile__product-photo" alt="Organic Lavender Deodorant Spray" src="./Health &amp; Home _ SF Bay _ Good Eggs_files/1e522405-a82f-45bd-808b-61c3fa53f576.jpeg"></a><div class="product-tile__product-photo-tinter"></div><div class="product-tile__quick-add"><div class="product-tile__quick-add-count is-transparent"><div class="product-tile__quick-add-quantity"><div class="product-tile__quantity-spinner product-tile__quantity-spinner__quantity js-quantity-indicator">1</div><div class="product-tile__quantity-spinner product-tile__quantity-spinner__previous-quantity js-quantity-indicator">1</div></div><div class="product-tile__quick-add-quantity-label"><div class="product-tile__quick-add-quantity-label-result">added</div><div class="product-tile__quick-add-quantity-label-summary">in your basket</div></div><div class="product-tile__quick-add-gift"><i class="icon icon-share-gift"></i></div><div class="product-tile__quick-add-gift-label"><div class="product-tile__quick-add-gift-summary">Gift in your basket</div></div></div><div class="product-tile__quick-add-buttons"><button class="btn product-tile__quick-add-button product-tile__quick-add-button-remove js-product-tile__quick-remove"><div class="product-tile__quick-add-minus"></div></button><button class="btn product-tile__quick-add-button product-tile__quick-add-button-add js-product-tile__quick-add"><div class="product-tile__quick-add-plus"></div></button></div></div></div><div class="product-tile__product-info"><div class="product-tile__product-name-and-details"><a class="js-producer-link" href="https://www.goodeggs.com/eoproductssfbay"><div class="product-tile__producer-name">EO/Everyone</div></a><a class="js-product-link" href="https://www.goodeggs.com/sfbay/eoproductssfbay/organic-lavender-deodorant-spray/604a939bbcf73300130e2e58"><h5 class="product-tile__product-name">Organic Lavender Deodorant Spray</h5></a></div><div class="product-tile__price-info product-tile-collapsing-row clearfix"><div class="product-tile__purchase-price product-tile-collapsing-row__fixed-right"><div class="split-price"><span class="split-price__dollars">6</span><span class="split-price__cents">99</span></div></div><div class="product-tile__comparison-price product-tile-collapsing-row__secondary-info"><span class="price-per">$1.74 </span>/ <span class="per-unit">oz</span></div><div class="product-tile__purchase-unit product-tile-collapsing-row__primary-info">4 oz</div></div></div></div></div></div></div></div><div id="bath-hair" class="section-page"><div class="product-listings-view__section-anchor" id="health-home-bath-body-bath-hair"></div><h3 class="listings-section-header">Hair Care</h3><div class="page"><div class="grid-items"><div class="grid-item lazyloaded" data-product-id="607a0787513fe4001246ec73"><div class="product-tile product-tile--compact product-tile--market" data-id="607a0787513fe4001246ec73"><div class="product-tile__favorite not-favorited"><div><div class="product-tile__favorite-circle"><svg class="product-tile__favorite-heart" viewBox="8.9 7.8 18 16.633654"><path d="m 17.89989,23.433653 c 0.631042,-0.630881 4.233291,-4.23521 6.485296,-6.486896 2.017605,-2.017765 1.974565,-4.958732 0.140161,-6.783217 -1.834405,-1.8249642 -4.800652,-1.8169641 -6.625457,0.0176 -1.824645,-1.8345641 -4.790892,-1.8425642 -6.625297,-0.0176 -1.8344041,1.824485 -1.8772842,4.765452 0.140161,6.783217 2.251845,2.251686 5.854574,5.856015 6.485136,6.486896 l 0,0 z"></path></svg></div></div></div><div class="product-tile__product-visuals"><a href="https://www.goodeggs.com/sfbay/andalounaturals/full-volume-lavender-and-biotin-shampoo/607a0787513fe4001246ec73" class="js-product-tile__product-photo-wrapper js-product-photo-link js-product-link" data-alt="Full Volume Lavender and Biotin Shampoo" data-src="https://goodeggs4.imgix.net/9f1a1dfb-5b08-4135-b098-4a609b027ae2.jpg?w=380&amp;h=238&amp;fm=jpg&amp;auto=compress&amp;fit=crop"><img class="product-tile__product-photo" alt="Full Volume Lavender and Biotin Shampoo" src="./Health &amp; Home _ SF Bay _ Good Eggs_files/9f1a1dfb-5b08-4135-b098-4a609b027ae2.jpg"></a><div class="product-tile__product-photo-tinter"></div><div class="product-tile__quick-add"><div class="product-tile__quick-add-count is-transparent"><div class="product-tile__quick-add-quantity"><div class="product-tile__quantity-spinner product-tile__quantity-spinner__quantity js-quantity-indicator">1</div><div class="product-tile__quantity-spinner product-tile__quantity-spinner__previous-quantity js-quantity-indicator">1</div></div><div class="product-tile__quick-add-quantity-label"><div class="product-tile__quick-add-quantity-label-result">added</div><div class="product-tile__quick-add-quantity-label-summary">in your basket</div></div><div class="product-tile__quick-add-gift"><i class="icon icon-share-gift"></i></div><div class="product-tile__quick-add-gift-label"><div class="product-tile__quick-add-gift-summary">Gift in your basket</div></div></div><div class="product-tile__quick-add-buttons"><button class="btn product-tile__quick-add-button product-tile__quick-add-button-remove js-product-tile__quick-remove"><div class="product-tile__quick-add-minus"></div></button><button class="btn product-tile__quick-add-button product-tile__quick-add-button-add js-product-tile__quick-add"><div class="product-tile__quick-add-plus"></div></button></div></div></div><div class="product-tile__product-info"><div class="product-tile__product-name-and-details"><a class="js-producer-link" href="https://www.goodeggs.com/andalounaturals"><div class="product-tile__producer-name">Andalou Naturals</div></a><a class="js-product-link" href="https://www.goodeggs.com/sfbay/andalounaturals/full-volume-lavender-and-biotin-shampoo/607a0787513fe4001246ec73"><h5 class="product-tile__product-name">Full Volume Lavender and Biotin Shampoo</h5></a></div><div class="product-tile__price-info product-tile-collapsing-row clearfix"><div class="product-tile__purchase-price product-tile-collapsing-row__fixed-right"><div class="split-price"><span class="split-price__dollars">9</span><span class="split-price__cents">99</span></div></div><div class="product-tile__comparison-price product-tile-collapsing-row__secondary-info"><span class="price-per">$0.86 </span>/ <span class="per-unit">oz</span></div><div class="product-tile__purchase-unit product-tile-collapsing-row__primary-info">11.5 oz</div></div></div></div></div><div class="grid-item lazyloaded" data-product-id="6079e261513fe4001246ec6e"><div class="product-tile product-tile--compact product-tile--market" data-id="6079e261513fe4001246ec6e"><div class="product-tile__favorite not-favorited"><div><div class="product-tile__favorite-circle"><svg class="product-tile__favorite-heart" viewBox="8.9 7.8 18 16.633654"><path d="m 17.89989,23.433653 c 0.631042,-0.630881 4.233291,-4.23521 6.485296,-6.486896 2.017605,-2.017765 1.974565,-4.958732 0.140161,-6.783217 -1.834405,-1.8249642 -4.800652,-1.8169641 -6.625457,0.0176 -1.824645,-1.8345641 -4.790892,-1.8425642 -6.625297,-0.0176 -1.8344041,1.824485 -1.8772842,4.765452 0.140161,6.783217 2.251845,2.251686 5.854574,5.856015 6.485136,6.486896 l 0,0 z"></path></svg></div></div></div><div class="product-tile__product-visuals"><a href="https://www.goodeggs.com/sfbay/andalounaturals/moisture-rich-argan-oil-shea-conditioner/6079e261513fe4001246ec6e" class="js-product-tile__product-photo-wrapper js-product-photo-link js-product-link" data-alt="Moisture Rich Argan Oil &amp; Shea Conditioner" data-src="https://goodeggs4.imgix.net/ec560bf5-a585-4dec-be0c-a794a174148e.jpeg?w=380&amp;h=238&amp;fm=jpg&amp;auto=compress&amp;fit=crop"><img class="product-tile__product-photo" alt="Moisture Rich Argan Oil &amp; Shea Conditioner" src="./Health &amp; Home _ SF Bay _ Good Eggs_files/ec560bf5-a585-4dec-be0c-a794a174148e.jpeg"></a><div class="product-tile__product-photo-tinter"></div><div class="product-tile__quick-add"><div class="product-tile__quick-add-count is-transparent"><div class="product-tile__quick-add-quantity"><div class="product-tile__quantity-spinner product-tile__quantity-spinner__quantity js-quantity-indicator">1</div><div class="product-tile__quantity-spinner product-tile__quantity-spinner__previous-quantity js-quantity-indicator">1</div></div><div class="product-tile__quick-add-quantity-label"><div class="product-tile__quick-add-quantity-label-result">added</div><div class="product-tile__quick-add-quantity-label-summary">in your basket</div></div><div class="product-tile__quick-add-gift"><i class="icon icon-share-gift"></i></div><div class="product-tile__quick-add-gift-label"><div class="product-tile__quick-add-gift-summary">Gift in your basket</div></div></div><div class="product-tile__quick-add-buttons"><button class="btn product-tile__quick-add-button product-tile__quick-add-button-remove js-product-tile__quick-remove"><div class="product-tile__quick-add-minus"></div></button><button class="btn product-tile__quick-add-button product-tile__quick-add-button-add js-product-tile__quick-add"><div class="product-tile__quick-add-plus"></div></button></div></div></div><div class="product-tile__product-info"><div class="product-tile__product-name-and-details"><a class="js-producer-link" href="https://www.goodeggs.com/andalounaturals"><div class="product-tile__producer-name">Andalou Naturals</div></a><a class="js-product-link" href="https://www.goodeggs.com/sfbay/andalounaturals/moisture-rich-argan-oil-shea-conditioner/6079e261513fe4001246ec6e"><h5 class="product-tile__product-name">Moisture Rich Argan Oil &amp; Shea Conditioner</h5></a></div><div class="product-tile__price-info product-tile-collapsing-row clearfix"><div class="product-tile__purchase-price product-tile-collapsing-row__fixed-right"><div class="split-price"><span class="split-price__dollars">18</span><span class="split-price__cents">99</span></div></div><div class="product-tile__comparison-price product-tile-collapsing-row__secondary-info"><span class="price-per">$0.59 </span>/ <span class="per-unit">oz</span></div><div class="product-tile__purchase-unit product-tile-collapsing-row__primary-info">32 oz</div></div></div></div></div><div class="grid-item lazyloaded" data-product-id="6079de06513fe4001246ec6d"><div class="product-tile product-tile--compact product-tile--market" data-id="6079de06513fe4001246ec6d"><div class="product-tile__favorite not-favorited"><div><div class="product-tile__favorite-circle"><svg class="product-tile__favorite-heart" viewBox="8.9 7.8 18 16.633654"><path d="m 17.89989,23.433653 c 0.631042,-0.630881 4.233291,-4.23521 6.485296,-6.486896 2.017605,-2.017765 1.974565,-4.958732 0.140161,-6.783217 -1.834405,-1.8249642 -4.800652,-1.8169641 -6.625457,0.0176 -1.824645,-1.8345641 -4.790892,-1.8425642 -6.625297,-0.0176 -1.8344041,1.824485 -1.8772842,4.765452 0.140161,6.783217 2.251845,2.251686 5.854574,5.856015 6.485136,6.486896 l 0,0 z"></path></svg></div></div></div><div class="product-tile__product-visuals"><a href="https://www.goodeggs.com/sfbay/andalounaturals/moisture-rich-argan-oil-shea-shampoo/6079de06513fe4001246ec6d" class="js-product-tile__product-photo-wrapper js-product-photo-link js-product-link" data-alt="Moisture Rich Argan Oil &amp; Shea Shampoo" data-src="https://goodeggs4.imgix.net/2722ba36-9b17-48ba-a01d-307d53c0a110.jpeg?w=380&amp;h=238&amp;fm=jpg&amp;auto=compress&amp;fit=crop"><img class="product-tile__product-photo" alt="Moisture Rich Argan Oil &amp; Shea Shampoo" src="./Health &amp; Home _ SF Bay _ Good Eggs_files/2722ba36-9b17-48ba-a01d-307d53c0a110.jpeg"></a><div class="product-tile__product-photo-tinter"></div><div class="product-tile__quick-add"><div class="product-tile__quick-add-count is-transparent"><div class="product-tile__quick-add-quantity"><div class="product-tile__quantity-spinner product-tile__quantity-spinner__quantity js-quantity-indicator">1</div><div class="product-tile__quantity-spinner product-tile__quantity-spinner__previous-quantity js-quantity-indicator">1</div></div><div class="product-tile__quick-add-quantity-label"><div class="product-tile__quick-add-quantity-label-result">added</div><div class="product-tile__quick-add-quantity-label-summary">in your basket</div></div><div class="product-tile__quick-add-gift"><i class="icon icon-share-gift"></i></div><div class="product-tile__quick-add-gift-label"><div class="product-tile__quick-add-gift-summary">Gift in your basket</div></div></div><div class="product-tile__quick-add-buttons"><button class="btn product-tile__quick-add-button product-tile__quick-add-button-remove js-product-tile__quick-remove"><div class="product-tile__quick-add-minus"></div></button><button class="btn product-tile__quick-add-button product-tile__quick-add-button-add js-product-tile__quick-add"><div class="product-tile__quick-add-plus"></div></button></div></div></div><div class="product-tile__product-info"><div class="product-tile__product-name-and-details"><a class="js-producer-link" href="https://www.goodeggs.com/andalounaturals"><div class="product-tile__producer-name">Andalou Naturals</div></a><a class="js-product-link" href="https://www.goodeggs.com/sfbay/andalounaturals/moisture-rich-argan-oil-shea-shampoo/6079de06513fe4001246ec6d"><h5 class="product-tile__product-name">Moisture Rich Argan Oil &amp; Shea Shampoo</h5></a></div><div class="product-tile__price-info product-tile-collapsing-row clearfix"><div class="product-tile__purchase-price product-tile-collapsing-row__fixed-right"><div class="split-price"><span class="split-price__dollars">18</span><span class="split-price__cents">99</span></div></div><div class="product-tile__comparison-price product-tile-collapsing-row__secondary-info"><span class="price-per">$0.59 </span>/ <span class="per-unit">oz</span></div><div class="product-tile__purchase-unit product-tile-collapsing-row__primary-info">32 oz</div></div></div></div></div><div class="grid-item lazyloaded" data-product-id="6079f6e3844953001228e992"><div class="product-tile product-tile--compact product-tile--market" data-id="6079f6e3844953001228e992"><div class="product-tile__favorite not-favorited"><div><div class="product-tile__favorite-circle"><svg class="product-tile__favorite-heart" viewBox="8.9 7.8 18 16.633654"><path d="m 17.89989,23.433653 c 0.631042,-0.630881 4.233291,-4.23521 6.485296,-6.486896 2.017605,-2.017765 1.974565,-4.958732 0.140161,-6.783217 -1.834405,-1.8249642 -4.800652,-1.8169641 -6.625457,0.0176 -1.824645,-1.8345641 -4.790892,-1.8425642 -6.625297,-0.0176 -1.8344041,1.824485 -1.8772842,4.765452 0.140161,6.783217 2.251845,2.251686 5.854574,5.856015 6.485136,6.486896 l 0,0 z"></path></svg></div></div></div><div class="product-tile__product-visuals"><a href="https://www.goodeggs.com/sfbay/andalounaturals/moisture-rich-argan-oil-shea-conditioner/6079f6e3844953001228e992" class="js-product-tile__product-photo-wrapper js-product-photo-link js-product-link" data-alt="Moisture Rich Argan Oil &amp; Shea Conditioner" data-src="https://goodeggs4.imgix.net/f02d6c98-df65-4ce2-9da6-958d4da6eee6.jpg?w=380&amp;h=238&amp;fm=jpg&amp;auto=compress&amp;fit=crop"><img class="product-tile__product-photo" alt="Moisture Rich Argan Oil &amp; Shea Conditioner" src="./Health &amp; Home _ SF Bay _ Good Eggs_files/f02d6c98-df65-4ce2-9da6-958d4da6eee6.jpg"></a><div class="product-tile__product-photo-tinter"></div><div class="product-tile__quick-add"><div class="product-tile__quick-add-count is-transparent"><div class="product-tile__quick-add-quantity"><div class="product-tile__quantity-spinner product-tile__quantity-spinner__quantity js-quantity-indicator">1</div><div class="product-tile__quantity-spinner product-tile__quantity-spinner__previous-quantity js-quantity-indicator">1</div></div><div class="product-tile__quick-add-quantity-label"><div class="product-tile__quick-add-quantity-label-result">added</div><div class="product-tile__quick-add-quantity-label-summary">in your basket</div></div><div class="product-tile__quick-add-gift"><i class="icon icon-share-gift"></i></div><div class="product-tile__quick-add-gift-label"><div class="product-tile__quick-add-gift-summary">Gift in your basket</div></div></div><div class="product-tile__quick-add-buttons"><button class="btn product-tile__quick-add-button product-tile__quick-add-button-remove js-product-tile__quick-remove"><div class="product-tile__quick-add-minus"></div></button><button class="btn product-tile__quick-add-button product-tile__quick-add-button-add js-product-tile__quick-add"><div class="product-tile__quick-add-plus"></div></button></div></div></div><div class="product-tile__product-info"><div class="product-tile__product-name-and-details"><a class="js-producer-link" href="https://www.goodeggs.com/andalounaturals"><div class="product-tile__producer-name">Andalou Naturals</div></a><a class="js-product-link" href="https://www.goodeggs.com/sfbay/andalounaturals/moisture-rich-argan-oil-shea-conditioner/6079f6e3844953001228e992"><h5 class="product-tile__product-name">Moisture Rich Argan Oil &amp; Shea Conditioner</h5></a></div><div class="product-tile__price-info product-tile-collapsing-row clearfix"><div class="product-tile__purchase-price product-tile-collapsing-row__fixed-right"><div class="split-price"><span class="split-price__dollars">9</span><span class="split-price__cents">99</span></div></div><div class="product-tile__comparison-price product-tile-collapsing-row__secondary-info"><span class="price-per">$0.86 </span>/ <span class="per-unit">oz</span></div><div class="product-tile__purchase-unit product-tile-collapsing-row__primary-info">11.5 oz</div></div></div></div></div><div class="grid-item lazyloaded" data-product-id="6079c4f71f39cb0012bf5363"><div class="product-tile product-tile--compact product-tile--market" data-id="6079c4f71f39cb0012bf5363"><div class="product-tile__favorite not-favorited"><div><div class="product-tile__favorite-circle"><svg class="product-tile__favorite-heart" viewBox="8.9 7.8 18 16.633654"><path d="m 17.89989,23.433653 c 0.631042,-0.630881 4.233291,-4.23521 6.485296,-6.486896 2.017605,-2.017765 1.974565,-4.958732 0.140161,-6.783217 -1.834405,-1.8249642 -4.800652,-1.8169641 -6.625457,0.0176 -1.824645,-1.8345641 -4.790892,-1.8425642 -6.625297,-0.0176 -1.8344041,1.824485 -1.8772842,4.765452 0.140161,6.783217 2.251845,2.251686 5.854574,5.856015 6.485136,6.486896 l 0,0 z"></path></svg></div></div></div><div class="product-tile__product-visuals"><a href="https://www.goodeggs.com/sfbay/andalounaturals/age-defying-argan-oil-stem-cell-shampoo/6079c4f71f39cb0012bf5363" class="js-product-tile__product-photo-wrapper js-product-photo-link js-product-link" data-alt="Age Defying Argan Oil Stem Cell Shampoo" data-src="https://goodeggs4.imgix.net/b19ec03f-3253-4b69-a147-2b1ba3255839.jpeg?w=380&amp;h=238&amp;fm=jpg&amp;auto=compress&amp;fit=crop"><img class="product-tile__product-photo" alt="Age Defying Argan Oil Stem Cell Shampoo" src="./Health &amp; Home _ SF Bay _ Good Eggs_files/b19ec03f-3253-4b69-a147-2b1ba3255839.jpeg"></a><div class="product-tile__product-photo-tinter"></div><div class="product-tile__quick-add"><div class="product-tile__quick-add-count is-transparent"><div class="product-tile__quick-add-quantity"><div class="product-tile__quantity-spinner product-tile__quantity-spinner__quantity js-quantity-indicator">1</div><div class="product-tile__quantity-spinner product-tile__quantity-spinner__previous-quantity js-quantity-indicator">1</div></div><div class="product-tile__quick-add-quantity-label"><div class="product-tile__quick-add-quantity-label-result">added</div><div class="product-tile__quick-add-quantity-label-summary">in your basket</div></div><div class="product-tile__quick-add-gift"><i class="icon icon-share-gift"></i></div><div class="product-tile__quick-add-gift-label"><div class="product-tile__quick-add-gift-summary">Gift in your basket</div></div></div><div class="product-tile__quick-add-buttons"><button class="btn product-tile__quick-add-button product-tile__quick-add-button-remove js-product-tile__quick-remove"><div class="product-tile__quick-add-minus"></div></button><button class="btn product-tile__quick-add-button product-tile__quick-add-button-add js-product-tile__quick-add"><div class="product-tile__quick-add-plus"></div></button></div></div></div><div class="product-tile__product-info"><div class="product-tile__product-name-and-details"><a class="js-producer-link" href="https://www.goodeggs.com/andalounaturals"><div class="product-tile__producer-name">Andalou Naturals</div></a><a class="js-product-link" href="https://www.goodeggs.com/sfbay/andalounaturals/age-defying-argan-oil-stem-cell-shampoo/6079c4f71f39cb0012bf5363"><h5 class="product-tile__product-name">Age Defying Argan Oil Stem Cell Shampoo</h5></a></div><div class="product-tile__price-info product-tile-collapsing-row clearfix"><div class="product-tile__purchase-price product-tile-collapsing-row__fixed-right"><div class="split-price"><span class="split-price__dollars">18</span><span class="split-price__cents">99</span></div></div><div class="product-tile__comparison-price product-tile-collapsing-row__secondary-info"><span class="price-per">$0.59 </span>/ <span class="per-unit">oz</span></div><div class="product-tile__purchase-unit product-tile-collapsing-row__primary-info">32 oz</div></div></div></div></div><div class="grid-item lazyloaded" data-product-id="607a0e80844953001228e996"><div class="product-tile product-tile--compact product-tile--market" data-id="607a0e80844953001228e996"><div class="product-tile__favorite not-favorited"><div><div class="product-tile__favorite-circle"><svg class="product-tile__favorite-heart" viewBox="8.9 7.8 18 16.633654"><path d="m 17.89989,23.433653 c 0.631042,-0.630881 4.233291,-4.23521 6.485296,-6.486896 2.017605,-2.017765 1.974565,-4.958732 0.140161,-6.783217 -1.834405,-1.8249642 -4.800652,-1.8169641 -6.625457,0.0176 -1.824645,-1.8345641 -4.790892,-1.8425642 -6.625297,-0.0176 -1.8344041,1.824485 -1.8772842,4.765452 0.140161,6.783217 2.251845,2.251686 5.854574,5.856015 6.485136,6.486896 l 0,0 z"></path></svg></div></div></div><div class="product-tile__product-visuals"><a href="https://www.goodeggs.com/sfbay/andalounaturals/color-care-1000-roses-complex-shampoo/607a0e80844953001228e996" class="js-product-tile__product-photo-wrapper js-product-photo-link js-product-link" data-alt="Color Care 1000 Roses Complex Shampoo" data-src="https://goodeggs4.imgix.net/e794a1be-e71f-4068-89cc-91a47fceddbd.jpg?w=380&amp;h=238&amp;fm=jpg&amp;auto=compress&amp;fit=crop"><img class="product-tile__product-photo" alt="Color Care 1000 Roses Complex Shampoo" src="./Health &amp; Home _ SF Bay _ Good Eggs_files/e794a1be-e71f-4068-89cc-91a47fceddbd.jpg"></a><div class="product-tile__product-photo-tinter"></div><div class="product-tile__quick-add"><div class="product-tile__quick-add-count is-transparent"><div class="product-tile__quick-add-quantity"><div class="product-tile__quantity-spinner product-tile__quantity-spinner__quantity js-quantity-indicator">1</div><div class="product-tile__quantity-spinner product-tile__quantity-spinner__previous-quantity js-quantity-indicator">1</div></div><div class="product-tile__quick-add-quantity-label"><div class="product-tile__quick-add-quantity-label-result">added</div><div class="product-tile__quick-add-quantity-label-summary">in your basket</div></div><div class="product-tile__quick-add-gift"><i class="icon icon-share-gift"></i></div><div class="product-tile__quick-add-gift-label"><div class="product-tile__quick-add-gift-summary">Gift in your basket</div></div></div><div class="product-tile__quick-add-buttons"><button class="btn product-tile__quick-add-button product-tile__quick-add-button-remove js-product-tile__quick-remove"><div class="product-tile__quick-add-minus"></div></button><button class="btn product-tile__quick-add-button product-tile__quick-add-button-add js-product-tile__quick-add"><div class="product-tile__quick-add-plus"></div></button></div></div></div><div class="product-tile__product-info"><div class="product-tile__product-name-and-details"><a class="js-producer-link" href="https://www.goodeggs.com/andalounaturals"><div class="product-tile__producer-name">Andalou Naturals</div></a><a class="js-product-link" href="https://www.goodeggs.com/sfbay/andalounaturals/color-care-1000-roses-complex-shampoo/607a0e80844953001228e996"><h5 class="product-tile__product-name">Color Care 1000 Roses Complex Shampoo</h5></a></div><div class="product-tile__price-info product-tile-collapsing-row clearfix"><div class="product-tile__purchase-price product-tile-collapsing-row__fixed-right"><div class="split-price"><span class="split-price__dollars">9</span><span class="split-price__cents">99</span></div></div><div class="product-tile__comparison-price product-tile-collapsing-row__secondary-info"><span class="price-per">$0.86 </span>/ <span class="per-unit">oz</span></div><div class="product-tile__purchase-unit product-tile-collapsing-row__primary-info">11.5 oz</div></div></div></div></div><div class="grid-item lazyloaded" data-product-id="6079f03d90b9c70012693dfd"><div class="product-tile product-tile--compact product-tile--market" data-id="6079f03d90b9c70012693dfd"><div class="product-tile__favorite not-favorited"><div><div class="product-tile__favorite-circle"><svg class="product-tile__favorite-heart" viewBox="8.9 7.8 18 16.633654"><path d="m 17.89989,23.433653 c 0.631042,-0.630881 4.233291,-4.23521 6.485296,-6.486896 2.017605,-2.017765 1.974565,-4.958732 0.140161,-6.783217 -1.834405,-1.8249642 -4.800652,-1.8169641 -6.625457,0.0176 -1.824645,-1.8345641 -4.790892,-1.8425642 -6.625297,-0.0176 -1.8344041,1.824485 -1.8772842,4.765452 0.140161,6.783217 2.251845,2.251686 5.854574,5.856015 6.485136,6.486896 l 0,0 z"></path></svg></div></div></div><div class="product-tile__product-visuals"><a href="https://www.goodeggs.com/sfbay/andalounaturals/moisture-rich-argan-oil-shea-shampoo/6079f03d90b9c70012693dfd" class="js-product-tile__product-photo-wrapper js-product-photo-link js-product-link" data-alt="Moisture Rich Argan Oil &amp; Shea Shampoo" data-src="https://goodeggs4.imgix.net/8737f9aa-34de-4f7d-ab36-20042e003b6f.jpg?w=380&amp;h=238&amp;fm=jpg&amp;auto=compress&amp;fit=crop"><img class="product-tile__product-photo" alt="Moisture Rich Argan Oil &amp; Shea Shampoo" src="./Health &amp; Home _ SF Bay _ Good Eggs_files/8737f9aa-34de-4f7d-ab36-20042e003b6f.jpg"></a><div class="product-tile__product-photo-tinter"></div><div class="product-tile__quick-add"><div class="product-tile__quick-add-count is-transparent"><div class="product-tile__quick-add-quantity"><div class="product-tile__quantity-spinner product-tile__quantity-spinner__quantity js-quantity-indicator">1</div><div class="product-tile__quantity-spinner product-tile__quantity-spinner__previous-quantity js-quantity-indicator">1</div></div><div class="product-tile__quick-add-quantity-label"><div class="product-tile__quick-add-quantity-label-result">added</div><div class="product-tile__quick-add-quantity-label-summary">in your basket</div></div><div class="product-tile__quick-add-gift"><i class="icon icon-share-gift"></i></div><div class="product-tile__quick-add-gift-label"><div class="product-tile__quick-add-gift-summary">Gift in your basket</div></div></div><div class="product-tile__quick-add-buttons"><button class="btn product-tile__quick-add-button product-tile__quick-add-button-remove js-product-tile__quick-remove"><div class="product-tile__quick-add-minus"></div></button><button class="btn product-tile__quick-add-button product-tile__quick-add-button-add js-product-tile__quick-add"><div class="product-tile__quick-add-plus"></div></button></div></div></div><div class="product-tile__product-info"><div class="product-tile__product-name-and-details"><a class="js-producer-link" href="https://www.goodeggs.com/andalounaturals"><div class="product-tile__producer-name">Andalou Naturals</div></a><a class="js-product-link" href="https://www.goodeggs.com/sfbay/andalounaturals/moisture-rich-argan-oil-shea-shampoo/6079f03d90b9c70012693dfd"><h5 class="product-tile__product-name">Moisture Rich Argan Oil &amp; Shea Shampoo</h5></a></div><div class="product-tile__price-info product-tile-collapsing-row clearfix"><div class="product-tile__purchase-price product-tile-collapsing-row__fixed-right"><div class="split-price"><span class="split-price__dollars">9</span><span class="split-price__cents">99</span></div></div><div class="product-tile__comparison-price product-tile-collapsing-row__secondary-info"><span class="price-per">$0.86 </span>/ <span class="per-unit">oz</span></div><div class="product-tile__purchase-unit product-tile-collapsing-row__primary-info">11.5 oz</div></div></div></div></div><div class="grid-item lazyloaded" data-product-id="607a0d19844953001228e995"><div class="product-tile product-tile--compact product-tile--market" data-id="607a0d19844953001228e995"><div class="product-tile__favorite not-favorited"><div><div class="product-tile__favorite-circle"><svg class="product-tile__favorite-heart" viewBox="8.9 7.8 18 16.633654"><path d="m 17.89989,23.433653 c 0.631042,-0.630881 4.233291,-4.23521 6.485296,-6.486896 2.017605,-2.017765 1.974565,-4.958732 0.140161,-6.783217 -1.834405,-1.8249642 -4.800652,-1.8169641 -6.625457,0.0176 -1.824645,-1.8345641 -4.790892,-1.8425642 -6.625297,-0.0176 -1.8344041,1.824485 -1.8772842,4.765452 0.140161,6.783217 2.251845,2.251686 5.854574,5.856015 6.485136,6.486896 l 0,0 z"></path></svg></div></div></div><div class="product-tile__product-visuals"><a href="https://www.goodeggs.com/sfbay/andalounaturals/full-volume-lavender-and-biotin-conditioner/607a0d19844953001228e995" class="js-product-tile__product-photo-wrapper js-product-photo-link js-product-link" data-alt="Full Volume Lavender and Biotin Conditioner" data-src="https://goodeggs4.imgix.net/3f02ff04-3d41-4433-a32b-a6ddff0d94c7.jpg?w=380&amp;h=238&amp;fm=jpg&amp;auto=compress&amp;fit=crop"><img class="product-tile__product-photo" alt="Full Volume Lavender and Biotin Conditioner" src="./Health &amp; Home _ SF Bay _ Good Eggs_files/3f02ff04-3d41-4433-a32b-a6ddff0d94c7.jpg"></a><div class="product-tile__product-photo-tinter"></div><div class="product-tile__quick-add"><div class="product-tile__quick-add-count is-transparent"><div class="product-tile__quick-add-quantity"><div class="product-tile__quantity-spinner product-tile__quantity-spinner__quantity js-quantity-indicator">1</div><div class="product-tile__quantity-spinner product-tile__quantity-spinner__previous-quantity js-quantity-indicator">1</div></div><div class="product-tile__quick-add-quantity-label"><div class="product-tile__quick-add-quantity-label-result">added</div><div class="product-tile__quick-add-quantity-label-summary">in your basket</div></div><div class="product-tile__quick-add-gift"><i class="icon icon-share-gift"></i></div><div class="product-tile__quick-add-gift-label"><div class="product-tile__quick-add-gift-summary">Gift in your basket</div></div></div><div class="product-tile__quick-add-buttons"><button class="btn product-tile__quick-add-button product-tile__quick-add-button-remove js-product-tile__quick-remove"><div class="product-tile__quick-add-minus"></div></button><button class="btn product-tile__quick-add-button product-tile__quick-add-button-add js-product-tile__quick-add"><div class="product-tile__quick-add-plus"></div></button></div></div></div><div class="product-tile__product-info"><div class="product-tile__product-name-and-details"><a class="js-producer-link" href="https://www.goodeggs.com/andalounaturals"><div class="product-tile__producer-name">Andalou Naturals</div></a><a class="js-product-link" href="https://www.goodeggs.com/sfbay/andalounaturals/full-volume-lavender-and-biotin-conditioner/607a0d19844953001228e995"><h5 class="product-tile__product-name">Full Volume Lavender and Biotin Conditioner</h5></a></div><div class="product-tile__price-info product-tile-collapsing-row clearfix"><div class="product-tile__purchase-price product-tile-collapsing-row__fixed-right"><div class="split-price"><span class="split-price__dollars">9</span><span class="split-price__cents">99</span></div></div><div class="product-tile__comparison-price product-tile-collapsing-row__secondary-info"><span class="price-per">$0.86 </span>/ <span class="per-unit">oz</span></div><div class="product-tile__purchase-unit product-tile-collapsing-row__primary-info">11.5 oz</div></div></div></div></div><div class="grid-item lazyloaded" data-product-id="607a1268c8e29000124e2b10"><div class="product-tile product-tile--compact product-tile--market" data-id="607a1268c8e29000124e2b10"><div class="product-tile__favorite not-favorited"><div><div class="product-tile__favorite-circle"><svg class="product-tile__favorite-heart" viewBox="8.9 7.8 18 16.633654"><path d="m 17.89989,23.433653 c 0.631042,-0.630881 4.233291,-4.23521 6.485296,-6.486896 2.017605,-2.017765 1.974565,-4.958732 0.140161,-6.783217 -1.834405,-1.8249642 -4.800652,-1.8169641 -6.625457,0.0176 -1.824645,-1.8345641 -4.790892,-1.8425642 -6.625297,-0.0176 -1.8344041,1.824485 -1.8772842,4.765452 0.140161,6.783217 2.251845,2.251686 5.854574,5.856015 6.485136,6.486896 l 0,0 z"></path></svg></div></div></div><div class="product-tile__product-visuals"><a href="https://www.goodeggs.com/sfbay/andalounaturals/color-care-1000-roses-complex-conditioner/607a1268c8e29000124e2b10" class="js-product-tile__product-photo-wrapper js-product-photo-link js-product-link" data-alt="Color Care 1000 Roses Complex Conditioner" data-src="https://goodeggs4.imgix.net/9b83e0fa-960b-4336-a0ad-ecaa0eb1e1b3.jpg?w=380&amp;h=238&amp;fm=jpg&amp;auto=compress&amp;fit=crop"><img class="product-tile__product-photo" alt="Color Care 1000 Roses Complex Conditioner" src="./Health &amp; Home _ SF Bay _ Good Eggs_files/9b83e0fa-960b-4336-a0ad-ecaa0eb1e1b3.jpg"></a><div class="product-tile__product-photo-tinter"></div><div class="product-tile__quick-add"><div class="product-tile__quick-add-count is-transparent"><div class="product-tile__quick-add-quantity"><div class="product-tile__quantity-spinner product-tile__quantity-spinner__quantity js-quantity-indicator">1</div><div class="product-tile__quantity-spinner product-tile__quantity-spinner__previous-quantity js-quantity-indicator">1</div></div><div class="product-tile__quick-add-quantity-label"><div class="product-tile__quick-add-quantity-label-result">added</div><div class="product-tile__quick-add-quantity-label-summary">in your basket</div></div><div class="product-tile__quick-add-gift"><i class="icon icon-share-gift"></i></div><div class="product-tile__quick-add-gift-label"><div class="product-tile__quick-add-gift-summary">Gift in your basket</div></div></div><div class="product-tile__quick-add-buttons"><button class="btn product-tile__quick-add-button product-tile__quick-add-button-remove js-product-tile__quick-remove"><div class="product-tile__quick-add-minus"></div></button><button class="btn product-tile__quick-add-button product-tile__quick-add-button-add js-product-tile__quick-add"><div class="product-tile__quick-add-plus"></div></button></div></div></div><div class="product-tile__product-info"><div class="product-tile__product-name-and-details"><a class="js-producer-link" href="https://www.goodeggs.com/andalounaturals"><div class="product-tile__producer-name">Andalou Naturals</div></a><a class="js-product-link" href="https://www.goodeggs.com/sfbay/andalounaturals/color-care-1000-roses-complex-conditioner/607a1268c8e29000124e2b10"><h5 class="product-tile__product-name">Color Care 1000 Roses Complex Conditioner</h5></a></div><div class="product-tile__price-info product-tile-collapsing-row clearfix"><div class="product-tile__purchase-price product-tile-collapsing-row__fixed-right"><div class="split-price"><span class="split-price__dollars">9</span><span class="split-price__cents">99</span></div></div><div class="product-tile__comparison-price product-tile-collapsing-row__secondary-info"><span class="price-per">$0.86 </span>/ <span class="per-unit">oz</span></div><div class="product-tile__purchase-unit product-tile-collapsing-row__primary-info">11.5 oz</div></div></div></div></div></div></div></div><div id="bath-sanitizer" class="section-page"><div class="product-listings-view__section-anchor" id="health-home-bath-body-bath-sanitizer"></div><h3 class="listings-section-header">Hand Sanitizer &amp; Masks</h3><div class="page"><div class="grid-items"><div class="grid-item lazyloaded" data-product-id="604a883e69b24200121f2f6a"><div class="product-tile product-tile--compact product-tile--market" data-id="604a883e69b24200121f2f6a"><div class="product-tile__favorite not-favorited"><div><div class="product-tile__favorite-circle"><svg class="product-tile__favorite-heart" viewBox="8.9 7.8 18 16.633654"><path d="m 17.89989,23.433653 c 0.631042,-0.630881 4.233291,-4.23521 6.485296,-6.486896 2.017605,-2.017765 1.974565,-4.958732 0.140161,-6.783217 -1.834405,-1.8249642 -4.800652,-1.8169641 -6.625457,0.0176 -1.824645,-1.8345641 -4.790892,-1.8425642 -6.625297,-0.0176 -1.8344041,1.824485 -1.8772842,4.765452 0.140161,6.783217 2.251845,2.251686 5.854574,5.856015 6.485136,6.486896 l 0,0 z"></path></svg></div></div></div><div class="product-tile__product-visuals"><a href="https://www.goodeggs.com/sfbay/eoproductssfbay/ruby-grapefruit-hand-sanitizer-spray/604a883e69b24200121f2f6a" class="js-product-tile__product-photo-wrapper js-product-photo-link js-product-link" data-alt="Ruby Grapefruit Hand Sanitizer Spray" data-src="https://goodeggs4.imgix.net/10c3ad22-b0da-4e04-a816-1c147b4a7ffa.jpeg?w=380&amp;h=238&amp;fm=jpg&amp;auto=compress&amp;fit=crop"><img class="product-tile__product-photo" alt="Ruby Grapefruit Hand Sanitizer Spray" src="./Health &amp; Home _ SF Bay _ Good Eggs_files/10c3ad22-b0da-4e04-a816-1c147b4a7ffa.jpeg"></a><div class="product-tile__product-photo-tinter"></div><div class="product-tile__quick-add"><div class="product-tile__quick-add-count is-transparent"><div class="product-tile__quick-add-quantity"><div class="product-tile__quantity-spinner product-tile__quantity-spinner__quantity js-quantity-indicator">1</div><div class="product-tile__quantity-spinner product-tile__quantity-spinner__previous-quantity js-quantity-indicator">1</div></div><div class="product-tile__quick-add-quantity-label"><div class="product-tile__quick-add-quantity-label-result">added</div><div class="product-tile__quick-add-quantity-label-summary">in your basket</div></div><div class="product-tile__quick-add-gift"><i class="icon icon-share-gift"></i></div><div class="product-tile__quick-add-gift-label"><div class="product-tile__quick-add-gift-summary">Gift in your basket</div></div></div><div class="product-tile__quick-add-buttons"><button class="btn product-tile__quick-add-button product-tile__quick-add-button-remove js-product-tile__quick-remove"><div class="product-tile__quick-add-minus"></div></button><button class="btn product-tile__quick-add-button product-tile__quick-add-button-add js-product-tile__quick-add"><div class="product-tile__quick-add-plus"></div></button></div></div></div><div class="product-tile__product-info"><div class="product-tile__product-name-and-details"><a class="js-producer-link" href="https://www.goodeggs.com/eoproductssfbay"><div class="product-tile__producer-name">EO/Everyone</div></a><a class="js-product-link" href="https://www.goodeggs.com/sfbay/eoproductssfbay/ruby-grapefruit-hand-sanitizer-spray/604a883e69b24200121f2f6a"><h5 class="product-tile__product-name">Ruby Grapefruit Hand Sanitizer Spray</h5></a></div><div class="product-tile__price-info product-tile-collapsing-row clearfix"><div class="product-tile__purchase-price product-tile-collapsing-row__fixed-right"><div class="split-price"><span class="split-price__dollars">6</span><span class="split-price__cents">99</span></div></div><div class="product-tile__comparison-price product-tile-collapsing-row__secondary-info"><span class="price-per">$0.87 </span>/ <span class="per-unit">oz</span></div><div class="product-tile__purchase-unit product-tile-collapsing-row__primary-info">8 oz</div></div></div></div></div><div class="grid-item" data-product-id="604a8762f7699c0012bd657f"><div class="product-tile product-tile--compact product-tile--market" data-id="604a8762f7699c0012bd657f"><div class="product-tile__favorite not-favorited"><div><div class="product-tile__favorite-circle"><svg class="product-tile__favorite-heart" viewBox="8.9 7.8 18 16.633654"><path d="m 17.89989,23.433653 c 0.631042,-0.630881 4.233291,-4.23521 6.485296,-6.486896 2.017605,-2.017765 1.974565,-4.958732 0.140161,-6.783217 -1.834405,-1.8249642 -4.800652,-1.8169641 -6.625457,0.0176 -1.824645,-1.8345641 -4.790892,-1.8425642 -6.625297,-0.0176 -1.8344041,1.824485 -1.8772842,4.765452 0.140161,6.783217 2.251845,2.251686 5.854574,5.856015 6.485136,6.486896 l 0,0 z"></path></svg></div></div></div><div class="product-tile__product-visuals"><a class="js-product-tile__product-photo-wrapper js-product-photo-link js-product-link" data-alt="Coconut Lemon Hand Sanitizer Spray" data-src="https://goodeggs4.imgix.net/34961047-0401-4fce-87b4-2acaeda0ef54.jpeg?w=380&amp;h=238&amp;fm=jpg&amp;auto=compress&amp;fit=crop" href="https://www.goodeggs.com/sfbay/eoproductssfbay/coconut-lemon-hand-sanitizer-spray/604a8762f7699c0012bd657f"><img class="product-tile__product-photo" alt="Coconut Lemon Hand Sanitizer Spray" src="./Health &amp; Home _ SF Bay _ Good Eggs_files/34961047-0401-4fce-87b4-2acaeda0ef54.jpeg"></a><div class="product-tile__product-photo-tinter"></div><div class="product-tile__quick-add"><div class="product-tile__quick-add-count is-transparent"><div class="product-tile__quick-add-quantity"><div class="product-tile__quantity-spinner product-tile__quantity-spinner__quantity js-quantity-indicator">1</div><div class="product-tile__quantity-spinner product-tile__quantity-spinner__previous-quantity js-quantity-indicator">1</div></div><div class="product-tile__quick-add-quantity-label"><div class="product-tile__quick-add-quantity-label-result">added</div><div class="product-tile__quick-add-quantity-label-summary">in your basket</div></div><div class="product-tile__quick-add-gift"><i class="icon icon-share-gift"></i></div><div class="product-tile__quick-add-gift-label"><div class="product-tile__quick-add-gift-summary">Gift in your basket</div></div></div><div class="product-tile__quick-add-buttons"><button class="btn product-tile__quick-add-button product-tile__quick-add-button-remove js-product-tile__quick-remove"><div class="product-tile__quick-add-minus"></div></button><button class="btn product-tile__quick-add-button product-tile__quick-add-button-add js-product-tile__quick-add"><div class="product-tile__quick-add-plus"></div></button></div></div></div><div class="product-tile__product-info"><div class="product-tile__product-name-and-details"><a class="js-producer-link" href="https://www.goodeggs.com/eoproductssfbay"><div class="product-tile__producer-name">EO/Everyone</div></a><a class="js-product-link" href="https://www.goodeggs.com/sfbay/eoproductssfbay/coconut-lemon-hand-sanitizer-spray/604a8762f7699c0012bd657f"><h5 class="product-tile__product-name">Coconut Lemon Hand Sanitizer Spray</h5></a></div><div class="product-tile__price-info product-tile-collapsing-row clearfix"><div class="product-tile__purchase-price product-tile-collapsing-row__fixed-right"><div class="split-price"><span class="split-price__dollars">6</span><span class="split-price__cents">99</span></div></div><div class="product-tile__comparison-price product-tile-collapsing-row__secondary-info"><span class="price-per">$0.87 </span>/<!-- --> <span class="per-unit">oz</span></div><div class="product-tile__purchase-unit product-tile-collapsing-row__primary-info">8 oz</div></div></div></div></div><div class="grid-item lazyloaded" data-product-id="5fbc39c13d337b000ea19151"><div class="product-tile product-tile--compact product-tile--market" data-id="5fbc39c13d337b000ea19151"><div class="product-tile__favorite not-favorited"><div><div class="product-tile__favorite-circle"><svg class="product-tile__favorite-heart" viewBox="8.9 7.8 18 16.633654"><path d="m 17.89989,23.433653 c 0.631042,-0.630881 4.233291,-4.23521 6.485296,-6.486896 2.017605,-2.017765 1.974565,-4.958732 0.140161,-6.783217 -1.834405,-1.8249642 -4.800652,-1.8169641 -6.625457,0.0176 -1.824645,-1.8345641 -4.790892,-1.8425642 -6.625297,-0.0176 -1.8344041,1.824485 -1.8772842,4.765452 0.140161,6.783217 2.251845,2.251686 5.854574,5.856015 6.485136,6.486896 l 0,0 z"></path></svg></div></div></div><div class="product-tile__product-visuals"><a href="https://www.goodeggs.com/sfbay/aplat/cotton-face-mask-merlot/5fbc39c13d337b000ea19151" class="js-product-tile__product-photo-wrapper js-product-photo-link js-product-link" data-alt="Cotton Face Mask - Merlot" data-src="https://goodeggs4.imgix.net/0543bb16-6dad-41e1-9546-c6844bcf6369.jpg?w=380&amp;h=238&amp;fm=jpg&amp;auto=compress&amp;fit=crop"><img class="product-tile__product-photo" alt="Cotton Face Mask - Merlot" src="./Health &amp; Home _ SF Bay _ Good Eggs_files/0543bb16-6dad-41e1-9546-c6844bcf6369.jpg"></a><div class="product-tile__product-photo-tinter"></div><div class="product-tile__quick-add"><div class="product-tile__quick-add-count is-transparent"><div class="product-tile__quick-add-quantity"><div class="product-tile__quantity-spinner product-tile__quantity-spinner__quantity js-quantity-indicator">1</div><div class="product-tile__quantity-spinner product-tile__quantity-spinner__previous-quantity js-quantity-indicator">1</div></div><div class="product-tile__quick-add-quantity-label"><div class="product-tile__quick-add-quantity-label-result">added</div><div class="product-tile__quick-add-quantity-label-summary">in your basket</div></div><div class="product-tile__quick-add-gift"><i class="icon icon-share-gift"></i></div><div class="product-tile__quick-add-gift-label"><div class="product-tile__quick-add-gift-summary">Gift in your basket</div></div></div><div class="product-tile__quick-add-buttons"><button class="btn product-tile__quick-add-button product-tile__quick-add-button-remove js-product-tile__quick-remove"><div class="product-tile__quick-add-minus"></div></button><button class="btn product-tile__quick-add-button product-tile__quick-add-button-add js-product-tile__quick-add"><div class="product-tile__quick-add-plus"></div></button></div></div></div><div class="product-tile__product-info"><div class="product-tile__product-name-and-details"><a class="js-producer-link" href="https://www.goodeggs.com/aplat"><div class="product-tile__producer-name">Aplat</div></a><a class="js-product-link" href="https://www.goodeggs.com/sfbay/aplat/cotton-face-mask-merlot/5fbc39c13d337b000ea19151"><h5 class="product-tile__product-name">Cotton Face Mask - Merlot</h5></a></div><div class="product-tile__price-info product-tile-collapsing-row clearfix"><div class="product-tile__purchase-price product-tile-collapsing-row__fixed-right"><div class="split-price"><span class="split-price__dollars">23</span><span class="split-price__cents">99</span></div></div><div class="product-tile__purchase-unit product-tile-collapsing-row__primary-info">1 count</div></div></div></div></div><div class="grid-item lazyloaded" data-product-id="5fbc39eb8feb8f000e7e5973"><div class="product-tile product-tile--compact product-tile--market" data-id="5fbc39eb8feb8f000e7e5973"><div class="product-tile__favorite not-favorited"><div><div class="product-tile__favorite-circle"><svg class="product-tile__favorite-heart" viewBox="8.9 7.8 18 16.633654"><path d="m 17.89989,23.433653 c 0.631042,-0.630881 4.233291,-4.23521 6.485296,-6.486896 2.017605,-2.017765 1.974565,-4.958732 0.140161,-6.783217 -1.834405,-1.8249642 -4.800652,-1.8169641 -6.625457,0.0176 -1.824645,-1.8345641 -4.790892,-1.8425642 -6.625297,-0.0176 -1.8344041,1.824485 -1.8772842,4.765452 0.140161,6.783217 2.251845,2.251686 5.854574,5.856015 6.485136,6.486896 l 0,0 z"></path></svg></div></div></div><div class="product-tile__product-visuals"><a href="https://www.goodeggs.com/sfbay/aplat/cotton-face-mask-blackberry/5fbc39eb8feb8f000e7e5973" class="js-product-tile__product-photo-wrapper js-product-photo-link js-product-link" data-alt="Cotton Face Mask - Blackberry" data-src="https://goodeggs4.imgix.net/ae1980d9-79eb-4785-9b1c-fdec246d2790.jpg?w=380&amp;h=238&amp;fm=jpg&amp;auto=compress&amp;fit=crop"><img class="product-tile__product-photo" alt="Cotton Face Mask - Blackberry" src="./Health &amp; Home _ SF Bay _ Good Eggs_files/ae1980d9-79eb-4785-9b1c-fdec246d2790.jpg"></a><div class="product-tile__product-photo-tinter"></div><div class="product-tile__quick-add"><div class="product-tile__quick-add-count is-transparent"><div class="product-tile__quick-add-quantity"><div class="product-tile__quantity-spinner product-tile__quantity-spinner__quantity js-quantity-indicator">1</div><div class="product-tile__quantity-spinner product-tile__quantity-spinner__previous-quantity js-quantity-indicator">1</div></div><div class="product-tile__quick-add-quantity-label"><div class="product-tile__quick-add-quantity-label-result">added</div><div class="product-tile__quick-add-quantity-label-summary">in your basket</div></div><div class="product-tile__quick-add-gift"><i class="icon icon-share-gift"></i></div><div class="product-tile__quick-add-gift-label"><div class="product-tile__quick-add-gift-summary">Gift in your basket</div></div></div><div class="product-tile__quick-add-buttons"><button class="btn product-tile__quick-add-button product-tile__quick-add-button-remove js-product-tile__quick-remove"><div class="product-tile__quick-add-minus"></div></button><button class="btn product-tile__quick-add-button product-tile__quick-add-button-add js-product-tile__quick-add"><div class="product-tile__quick-add-plus"></div></button></div></div></div><div class="product-tile__product-info"><div class="product-tile__product-name-and-details"><a class="js-producer-link" href="https://www.goodeggs.com/aplat"><div class="product-tile__producer-name">Aplat</div></a><a class="js-product-link" href="https://www.goodeggs.com/sfbay/aplat/cotton-face-mask-blackberry/5fbc39eb8feb8f000e7e5973"><h5 class="product-tile__product-name">Cotton Face Mask - Blackberry</h5></a></div><div class="product-tile__price-info product-tile-collapsing-row clearfix"><div class="product-tile__purchase-price product-tile-collapsing-row__fixed-right"><div class="split-price"><span class="split-price__dollars">23</span><span class="split-price__cents">99</span></div></div><div class="product-tile__purchase-unit product-tile-collapsing-row__primary-info">1 count</div></div></div></div></div></div></div></div><div id="bath-lotions" class="section-page"><div class="product-listings-view__section-anchor" id="health-home-bath-body-bath-lotions"></div><h3 class="listings-section-header">Lotions &amp; Moisturizers</h3><div class="page"><div class="grid-items"><div class="grid-item lazyloaded" data-product-id="607a1cf7c8e29000124e2b12"><div class="product-tile product-tile--compact product-tile--market" data-id="607a1cf7c8e29000124e2b12"><div class="product-tile__favorite not-favorited"><div><div class="product-tile__favorite-circle"><svg class="product-tile__favorite-heart" viewBox="8.9 7.8 18 16.633654"><path d="m 17.89989,23.433653 c 0.631042,-0.630881 4.233291,-4.23521 6.485296,-6.486896 2.017605,-2.017765 1.974565,-4.958732 0.140161,-6.783217 -1.834405,-1.8249642 -4.800652,-1.8169641 -6.625457,0.0176 -1.824645,-1.8345641 -4.790892,-1.8425642 -6.625297,-0.0176 -1.8344041,1.824485 -1.8772842,4.765452 0.140161,6.783217 2.251845,2.251686 5.854574,5.856015 6.485136,6.486896 l 0,0 z"></path></svg></div></div></div><div class="product-tile__product-visuals"><a href="https://www.goodeggs.com/sfbay/andalounaturals/1000-roses-soothing-body-lotion/607a1cf7c8e29000124e2b12" class="js-product-tile__product-photo-wrapper js-product-photo-link js-product-link" data-alt="1000 Roses Soothing Body Lotion" data-src="https://goodeggs4.imgix.net/bfcd2c9e-02ba-4457-a297-0262997f5eb7.jpeg?w=380&amp;h=238&amp;fm=jpg&amp;auto=compress&amp;fit=crop"><img class="product-tile__product-photo" alt="1000 Roses Soothing Body Lotion" src="./Health &amp; Home _ SF Bay _ Good Eggs_files/bfcd2c9e-02ba-4457-a297-0262997f5eb7.jpeg"></a><div class="product-tile__product-photo-tinter"></div><div class="product-tile__quick-add"><div class="product-tile__quick-add-count is-transparent"><div class="product-tile__quick-add-quantity"><div class="product-tile__quantity-spinner product-tile__quantity-spinner__quantity js-quantity-indicator">1</div><div class="product-tile__quantity-spinner product-tile__quantity-spinner__previous-quantity js-quantity-indicator">1</div></div><div class="product-tile__quick-add-quantity-label"><div class="product-tile__quick-add-quantity-label-result">added</div><div class="product-tile__quick-add-quantity-label-summary">in your basket</div></div><div class="product-tile__quick-add-gift"><i class="icon icon-share-gift"></i></div><div class="product-tile__quick-add-gift-label"><div class="product-tile__quick-add-gift-summary">Gift in your basket</div></div></div><div class="product-tile__quick-add-buttons"><button class="btn product-tile__quick-add-button product-tile__quick-add-button-remove js-product-tile__quick-remove"><div class="product-tile__quick-add-minus"></div></button><button class="btn product-tile__quick-add-button product-tile__quick-add-button-add js-product-tile__quick-add"><div class="product-tile__quick-add-plus"></div></button></div></div></div><div class="product-tile__product-info"><div class="product-tile__product-name-and-details"><a class="js-producer-link" href="https://www.goodeggs.com/andalounaturals"><div class="product-tile__producer-name">Andalou Naturals</div></a><a class="js-product-link" href="https://www.goodeggs.com/sfbay/andalounaturals/1000-roses-soothing-body-lotion/607a1cf7c8e29000124e2b12"><h5 class="product-tile__product-name">1000 Roses Soothing Body Lotion</h5></a></div><div class="product-tile__price-info product-tile-collapsing-row clearfix"><div class="product-tile__purchase-price product-tile-collapsing-row__fixed-right"><div class="split-price"><span class="split-price__dollars">9</span><span class="split-price__cents">99</span></div></div><div class="product-tile__comparison-price product-tile-collapsing-row__secondary-info"><span class="price-per">$1.24 </span>/ <span class="per-unit">oz</span></div><div class="product-tile__purchase-unit product-tile-collapsing-row__primary-info">8 oz</div></div></div></div></div><div class="grid-item lazyloaded" data-product-id="604a92d7f7699c0012bd65bc"><div class="product-tile product-tile--compact product-tile--market" data-id="604a92d7f7699c0012bd65bc"><div class="product-tile__favorite not-favorited"><div><div class="product-tile__favorite-circle"><svg class="product-tile__favorite-heart" viewBox="8.9 7.8 18 16.633654"><path d="m 17.89989,23.433653 c 0.631042,-0.630881 4.233291,-4.23521 6.485296,-6.486896 2.017605,-2.017765 1.974565,-4.958732 0.140161,-6.783217 -1.834405,-1.8249642 -4.800652,-1.8169641 -6.625457,0.0176 -1.824645,-1.8345641 -4.790892,-1.8425642 -6.625297,-0.0176 -1.8344041,1.824485 -1.8772842,4.765452 0.140161,6.783217 2.251845,2.251686 5.854574,5.856015 6.485136,6.486896 l 0,0 z"></path></svg></div></div></div><div class="product-tile__product-visuals"><a href="https://www.goodeggs.com/sfbay/eoproductssfbay/unscented-lotion/604a92d7f7699c0012bd65bc" class="js-product-tile__product-photo-wrapper js-product-photo-link js-product-link" data-alt="Unscented Lotion" data-src="https://goodeggs4.imgix.net/1a305732-4e2a-4d0a-9009-701ed8d119c5.jpeg?w=380&amp;h=238&amp;fm=jpg&amp;auto=compress&amp;fit=crop"><img class="product-tile__product-photo" alt="Unscented Lotion" src="./Health &amp; Home _ SF Bay _ Good Eggs_files/1a305732-4e2a-4d0a-9009-701ed8d119c5.jpeg"></a><div class="product-tile__product-photo-tinter"></div><div class="product-tile__quick-add"><div class="product-tile__quick-add-count is-transparent"><div class="product-tile__quick-add-quantity"><div class="product-tile__quantity-spinner product-tile__quantity-spinner__quantity js-quantity-indicator">1</div><div class="product-tile__quantity-spinner product-tile__quantity-spinner__previous-quantity js-quantity-indicator">1</div></div><div class="product-tile__quick-add-quantity-label"><div class="product-tile__quick-add-quantity-label-result">added</div><div class="product-tile__quick-add-quantity-label-summary">in your basket</div></div><div class="product-tile__quick-add-gift"><i class="icon icon-share-gift"></i></div><div class="product-tile__quick-add-gift-label"><div class="product-tile__quick-add-gift-summary">Gift in your basket</div></div></div><div class="product-tile__quick-add-buttons"><button class="btn product-tile__quick-add-button product-tile__quick-add-button-remove js-product-tile__quick-remove"><div class="product-tile__quick-add-minus"></div></button><button class="btn product-tile__quick-add-button product-tile__quick-add-button-add js-product-tile__quick-add"><div class="product-tile__quick-add-plus"></div></button></div></div></div><div class="product-tile__product-info"><div class="product-tile__product-name-and-details"><a class="js-producer-link" href="https://www.goodeggs.com/eoproductssfbay"><div class="product-tile__producer-name">EO/Everyone</div></a><a class="js-product-link" href="https://www.goodeggs.com/sfbay/eoproductssfbay/unscented-lotion/604a92d7f7699c0012bd65bc"><h5 class="product-tile__product-name">Unscented Lotion</h5></a></div><div class="product-tile__price-info product-tile-collapsing-row clearfix"><div class="product-tile__purchase-price product-tile-collapsing-row__fixed-right"><div class="split-price"><span class="split-price__dollars">11</span><span class="split-price__cents">99</span></div></div><div class="product-tile__comparison-price product-tile-collapsing-row__secondary-info"><span class="price-per">$0.37 </span>/ <span class="per-unit">oz</span></div><div class="product-tile__purchase-unit product-tile-collapsing-row__primary-info">32 oz</div></div></div></div></div><div class="grid-item lazyloaded" data-product-id="604a91c6f7699c0012bd65ba"><div class="product-tile product-tile--compact product-tile--market" data-id="604a91c6f7699c0012bd65ba"><div class="product-tile__favorite not-favorited"><div><div class="product-tile__favorite-circle"><svg class="product-tile__favorite-heart" viewBox="8.9 7.8 18 16.633654"><path d="m 17.89989,23.433653 c 0.631042,-0.630881 4.233291,-4.23521 6.485296,-6.486896 2.017605,-2.017765 1.974565,-4.958732 0.140161,-6.783217 -1.834405,-1.8249642 -4.800652,-1.8169641 -6.625457,0.0176 -1.824645,-1.8345641 -4.790892,-1.8425642 -6.625297,-0.0176 -1.8344041,1.824485 -1.8772842,4.765452 0.140161,6.783217 2.251845,2.251686 5.854574,5.856015 6.485136,6.486896 l 0,0 z"></path></svg></div></div></div><div class="product-tile__product-visuals"><a href="https://www.goodeggs.com/sfbay/eoproductssfbay/lavender-aloe-lotion/604a91c6f7699c0012bd65ba" class="js-product-tile__product-photo-wrapper js-product-photo-link js-product-link" data-alt="Lavender &amp; Aloe Lotion" data-src="https://goodeggs4.imgix.net/55890894-f4dd-4e3b-b57d-7d06f31b9161.jpeg?w=380&amp;h=238&amp;fm=jpg&amp;auto=compress&amp;fit=crop"><img class="product-tile__product-photo" alt="Lavender &amp; Aloe Lotion" src="./Health &amp; Home _ SF Bay _ Good Eggs_files/55890894-f4dd-4e3b-b57d-7d06f31b9161.jpeg"></a><div class="product-tile__product-photo-tinter"></div><div class="product-tile__quick-add"><div class="product-tile__quick-add-count is-transparent"><div class="product-tile__quick-add-quantity"><div class="product-tile__quantity-spinner product-tile__quantity-spinner__quantity js-quantity-indicator">1</div><div class="product-tile__quantity-spinner product-tile__quantity-spinner__previous-quantity js-quantity-indicator">1</div></div><div class="product-tile__quick-add-quantity-label"><div class="product-tile__quick-add-quantity-label-result">added</div><div class="product-tile__quick-add-quantity-label-summary">in your basket</div></div><div class="product-tile__quick-add-gift"><i class="icon icon-share-gift"></i></div><div class="product-tile__quick-add-gift-label"><div class="product-tile__quick-add-gift-summary">Gift in your basket</div></div></div><div class="product-tile__quick-add-buttons"><button class="btn product-tile__quick-add-button product-tile__quick-add-button-remove js-product-tile__quick-remove"><div class="product-tile__quick-add-minus"></div></button><button class="btn product-tile__quick-add-button product-tile__quick-add-button-add js-product-tile__quick-add"><div class="product-tile__quick-add-plus"></div></button></div></div></div><div class="product-tile__product-info"><div class="product-tile__product-name-and-details"><a class="js-producer-link" href="https://www.goodeggs.com/eoproductssfbay"><div class="product-tile__producer-name">EO/Everyone</div></a><a class="js-product-link" href="https://www.goodeggs.com/sfbay/eoproductssfbay/lavender-aloe-lotion/604a91c6f7699c0012bd65ba"><h5 class="product-tile__product-name">Lavender &amp; Aloe Lotion</h5></a></div><div class="product-tile__price-info product-tile-collapsing-row clearfix"><div class="product-tile__purchase-price product-tile-collapsing-row__fixed-right"><div class="split-price"><span class="split-price__dollars">11</span><span class="split-price__cents">99</span></div></div><div class="product-tile__comparison-price product-tile-collapsing-row__secondary-info"><span class="price-per">$0.37 </span>/ <span class="per-unit">oz</span></div><div class="product-tile__purchase-unit product-tile-collapsing-row__primary-info">32 oz</div></div></div></div></div><div class="grid-item lazyloaded" data-product-id="607a1b2c513fe4001246ec78"><div class="product-tile product-tile--compact product-tile--market" data-id="607a1b2c513fe4001246ec78"><div class="product-tile__favorite not-favorited"><div><div class="product-tile__favorite-circle"><svg class="product-tile__favorite-heart" viewBox="8.9 7.8 18 16.633654"><path d="m 17.89989,23.433653 c 0.631042,-0.630881 4.233291,-4.23521 6.485296,-6.486896 2.017605,-2.017765 1.974565,-4.958732 0.140161,-6.783217 -1.834405,-1.8249642 -4.800652,-1.8169641 -6.625457,0.0176 -1.824645,-1.8345641 -4.790892,-1.8425642 -6.625297,-0.0176 -1.8344041,1.824485 -1.8772842,4.765452 0.140161,6.783217 2.251845,2.251686 5.854574,5.856015 6.485136,6.486896 l 0,0 z"></path></svg></div></div></div><div class="product-tile__product-visuals"><a href="https://www.goodeggs.com/sfbay/andalounaturals/1000-roses-soothing-body-lotion/607a1b2c513fe4001246ec78" class="js-product-tile__product-photo-wrapper js-product-photo-link js-product-link" data-alt="1000 Roses Soothing Body Lotion" data-src="https://goodeggs4.imgix.net/7f345cda-ac90-4d2e-b0f8-63cc00f3118c.jpeg?w=380&amp;h=238&amp;fm=jpg&amp;auto=compress&amp;fit=crop"><img class="product-tile__product-photo" alt="1000 Roses Soothing Body Lotion" src="./Health &amp; Home _ SF Bay _ Good Eggs_files/7f345cda-ac90-4d2e-b0f8-63cc00f3118c.jpeg"></a><div class="product-tile__product-photo-tinter"></div><div class="product-tile__quick-add"><div class="product-tile__quick-add-count is-transparent"><div class="product-tile__quick-add-quantity"><div class="product-tile__quantity-spinner product-tile__quantity-spinner__quantity js-quantity-indicator">1</div><div class="product-tile__quantity-spinner product-tile__quantity-spinner__previous-quantity js-quantity-indicator">1</div></div><div class="product-tile__quick-add-quantity-label"><div class="product-tile__quick-add-quantity-label-result">added</div><div class="product-tile__quick-add-quantity-label-summary">in your basket</div></div><div class="product-tile__quick-add-gift"><i class="icon icon-share-gift"></i></div><div class="product-tile__quick-add-gift-label"><div class="product-tile__quick-add-gift-summary">Gift in your basket</div></div></div><div class="product-tile__quick-add-buttons"><button class="btn product-tile__quick-add-button product-tile__quick-add-button-remove js-product-tile__quick-remove"><div class="product-tile__quick-add-minus"></div></button><button class="btn product-tile__quick-add-button product-tile__quick-add-button-add js-product-tile__quick-add"><div class="product-tile__quick-add-plus"></div></button></div></div></div><div class="product-tile__product-info"><div class="product-tile__product-name-and-details"><a class="js-producer-link" href="https://www.goodeggs.com/andalounaturals"><div class="product-tile__producer-name">Andalou Naturals</div></a><a class="js-product-link" href="https://www.goodeggs.com/sfbay/andalounaturals/1000-roses-soothing-body-lotion/607a1b2c513fe4001246ec78"><h5 class="product-tile__product-name">1000 Roses Soothing Body Lotion</h5></a></div><div class="product-tile__price-info product-tile-collapsing-row clearfix"><div class="product-tile__purchase-price product-tile-collapsing-row__fixed-right"><div class="split-price"><span class="split-price__dollars">18</span><span class="split-price__cents">99</span></div></div><div class="product-tile__comparison-price product-tile-collapsing-row__secondary-info"><span class="price-per">$0.59 </span>/ <span class="per-unit">oz</span></div><div class="product-tile__purchase-unit product-tile-collapsing-row__primary-info">32 oz</div></div></div></div></div><div class="grid-item lazyloaded" data-product-id="604a905abcf73300130e2e57"><div class="product-tile product-tile--compact product-tile--market" data-id="604a905abcf73300130e2e57"><div class="product-tile__favorite not-favorited"><div><div class="product-tile__favorite-circle"><svg class="product-tile__favorite-heart" viewBox="8.9 7.8 18 16.633654"><path d="m 17.89989,23.433653 c 0.631042,-0.630881 4.233291,-4.23521 6.485296,-6.486896 2.017605,-2.017765 1.974565,-4.958732 0.140161,-6.783217 -1.834405,-1.8249642 -4.800652,-1.8169641 -6.625457,0.0176 -1.824645,-1.8345641 -4.790892,-1.8425642 -6.625297,-0.0176 -1.8344041,1.824485 -1.8772842,4.765452 0.140161,6.783217 2.251845,2.251686 5.854574,5.856015 6.485136,6.486896 l 0,0 z"></path></svg></div></div></div><div class="product-tile__product-visuals"><a href="https://www.goodeggs.com/sfbay/eoproductssfbay/coconut-lemon-lotion/604a905abcf73300130e2e57" class="js-product-tile__product-photo-wrapper js-product-photo-link js-product-link" data-alt="Coconut &amp; Lemon Lotion" data-src="https://goodeggs4.imgix.net/96c98ca6-49a2-403f-b445-f17ed4184bfe.jpeg?w=380&amp;h=238&amp;fm=jpg&amp;auto=compress&amp;fit=crop"><img class="product-tile__product-photo" alt="Coconut &amp; Lemon Lotion" src="./Health &amp; Home _ SF Bay _ Good Eggs_files/96c98ca6-49a2-403f-b445-f17ed4184bfe.jpeg"></a><div class="product-tile__product-photo-tinter"></div><div class="product-tile__quick-add"><div class="product-tile__quick-add-count is-transparent"><div class="product-tile__quick-add-quantity"><div class="product-tile__quantity-spinner product-tile__quantity-spinner__quantity js-quantity-indicator">1</div><div class="product-tile__quantity-spinner product-tile__quantity-spinner__previous-quantity js-quantity-indicator">1</div></div><div class="product-tile__quick-add-quantity-label"><div class="product-tile__quick-add-quantity-label-result">added</div><div class="product-tile__quick-add-quantity-label-summary">in your basket</div></div><div class="product-tile__quick-add-gift"><i class="icon icon-share-gift"></i></div><div class="product-tile__quick-add-gift-label"><div class="product-tile__quick-add-gift-summary">Gift in your basket</div></div></div><div class="product-tile__quick-add-buttons"><button class="btn product-tile__quick-add-button product-tile__quick-add-button-remove js-product-tile__quick-remove"><div class="product-tile__quick-add-minus"></div></button><button class="btn product-tile__quick-add-button product-tile__quick-add-button-add js-product-tile__quick-add"><div class="product-tile__quick-add-plus"></div></button></div></div></div><div class="product-tile__product-info"><div class="product-tile__product-name-and-details"><a class="js-producer-link" href="https://www.goodeggs.com/eoproductssfbay"><div class="product-tile__producer-name">EO/Everyone</div></a><a class="js-product-link" href="https://www.goodeggs.com/sfbay/eoproductssfbay/coconut-lemon-lotion/604a905abcf73300130e2e57"><h5 class="product-tile__product-name">Coconut &amp; Lemon Lotion</h5></a></div><div class="product-tile__price-info product-tile-collapsing-row clearfix"><div class="product-tile__purchase-price product-tile-collapsing-row__fixed-right"><div class="split-price"><span class="split-price__dollars">11</span><span class="split-price__cents">99</span></div></div><div class="product-tile__comparison-price product-tile-collapsing-row__secondary-info"><span class="price-per">$0.37 </span>/ <span class="per-unit">oz</span></div><div class="product-tile__purchase-unit product-tile-collapsing-row__primary-info">32 oz</div></div></div></div></div><div class="grid-item lazyloaded" data-product-id="607a1587513fe4001246ec76"><div class="product-tile product-tile--compact product-tile--market" data-id="607a1587513fe4001246ec76"><div class="product-tile__favorite not-favorited"><div><div class="product-tile__favorite-circle"><svg class="product-tile__favorite-heart" viewBox="8.9 7.8 18 16.633654"><path d="m 17.89989,23.433653 c 0.631042,-0.630881 4.233291,-4.23521 6.485296,-6.486896 2.017605,-2.017765 1.974565,-4.958732 0.140161,-6.783217 -1.834405,-1.8249642 -4.800652,-1.8169641 -6.625457,0.0176 -1.824645,-1.8345641 -4.790892,-1.8425642 -6.625297,-0.0176 -1.8344041,1.824485 -1.8772842,4.765452 0.140161,6.783217 2.251845,2.251686 5.854574,5.856015 6.485136,6.486896 l 0,0 z"></path></svg></div></div></div><div class="product-tile__product-visuals"><a href="https://www.goodeggs.com/sfbay/andalounaturals/lavender-thyme-refreshing-body-lotion/607a1587513fe4001246ec76" class="js-product-tile__product-photo-wrapper js-product-photo-link js-product-link" data-alt="Lavender Thyme Refreshing Body Lotion" data-src="https://goodeggs4.imgix.net/79261975-9499-4c72-9315-bac173faceae.jpeg?w=380&amp;h=238&amp;fm=jpg&amp;auto=compress&amp;fit=crop"><img class="product-tile__product-photo" alt="Lavender Thyme Refreshing Body Lotion" src="./Health &amp; Home _ SF Bay _ Good Eggs_files/79261975-9499-4c72-9315-bac173faceae.jpeg"></a><div class="product-tile__product-photo-tinter"></div><div class="product-tile__quick-add"><div class="product-tile__quick-add-count is-transparent"><div class="product-tile__quick-add-quantity"><div class="product-tile__quantity-spinner product-tile__quantity-spinner__quantity js-quantity-indicator">1</div><div class="product-tile__quantity-spinner product-tile__quantity-spinner__previous-quantity js-quantity-indicator">1</div></div><div class="product-tile__quick-add-quantity-label"><div class="product-tile__quick-add-quantity-label-result">added</div><div class="product-tile__quick-add-quantity-label-summary">in your basket</div></div><div class="product-tile__quick-add-gift"><i class="icon icon-share-gift"></i></div><div class="product-tile__quick-add-gift-label"><div class="product-tile__quick-add-gift-summary">Gift in your basket</div></div></div><div class="product-tile__quick-add-buttons"><button class="btn product-tile__quick-add-button product-tile__quick-add-button-remove js-product-tile__quick-remove"><div class="product-tile__quick-add-minus"></div></button><button class="btn product-tile__quick-add-button product-tile__quick-add-button-add js-product-tile__quick-add"><div class="product-tile__quick-add-plus"></div></button></div></div></div><div class="product-tile__product-info"><div class="product-tile__product-name-and-details"><a class="js-producer-link" href="https://www.goodeggs.com/andalounaturals"><div class="product-tile__producer-name">Andalou Naturals</div></a><a class="js-product-link" href="https://www.goodeggs.com/sfbay/andalounaturals/lavender-thyme-refreshing-body-lotion/607a1587513fe4001246ec76"><h5 class="product-tile__product-name">Lavender Thyme Refreshing Body Lotion</h5></a></div><div class="product-tile__price-info product-tile-collapsing-row clearfix"><div class="product-tile__purchase-price product-tile-collapsing-row__fixed-right"><div class="split-price"><span class="split-price__dollars">18</span><span class="split-price__cents">99</span></div></div><div class="product-tile__comparison-price product-tile-collapsing-row__secondary-info"><span class="price-per">$0.59 </span>/ <span class="per-unit">oz</span></div><div class="product-tile__purchase-unit product-tile-collapsing-row__primary-info">32 oz</div></div></div></div></div><div class="grid-item lazyloaded" data-product-id="607a1da1844953001228e99a"><div class="product-tile product-tile--compact product-tile--market" data-id="607a1da1844953001228e99a"><div class="product-tile__favorite not-favorited"><div><div class="product-tile__favorite-circle"><svg class="product-tile__favorite-heart" viewBox="8.9 7.8 18 16.633654"><path d="m 17.89989,23.433653 c 0.631042,-0.630881 4.233291,-4.23521 6.485296,-6.486896 2.017605,-2.017765 1.974565,-4.958732 0.140161,-6.783217 -1.834405,-1.8249642 -4.800652,-1.8169641 -6.625457,0.0176 -1.824645,-1.8345641 -4.790892,-1.8425642 -6.625297,-0.0176 -1.8344041,1.824485 -1.8772842,4.765452 0.140161,6.783217 2.251845,2.251686 5.854574,5.856015 6.485136,6.486896 l 0,0 z"></path></svg></div></div></div><div class="product-tile__product-visuals"><a href="https://www.goodeggs.com/sfbay/andalounaturals/citrus-sunflower-uplifting-body-lotion/607a1da1844953001228e99a" class="js-product-tile__product-photo-wrapper js-product-photo-link js-product-link" data-alt="Citrus Sunflower Uplifting Body Lotion" data-src="https://goodeggs4.imgix.net/0bd8a37e-642a-4398-af4d-72ad42edac27.jpeg?w=380&amp;h=238&amp;fm=jpg&amp;auto=compress&amp;fit=crop"><img class="product-tile__product-photo" alt="Citrus Sunflower Uplifting Body Lotion" src="./Health &amp; Home _ SF Bay _ Good Eggs_files/0bd8a37e-642a-4398-af4d-72ad42edac27.jpeg"></a><div class="product-tile__product-photo-tinter"></div><div class="product-tile__quick-add"><div class="product-tile__quick-add-count is-transparent"><div class="product-tile__quick-add-quantity"><div class="product-tile__quantity-spinner product-tile__quantity-spinner__quantity js-quantity-indicator">1</div><div class="product-tile__quantity-spinner product-tile__quantity-spinner__previous-quantity js-quantity-indicator">1</div></div><div class="product-tile__quick-add-quantity-label"><div class="product-tile__quick-add-quantity-label-result">added</div><div class="product-tile__quick-add-quantity-label-summary">in your basket</div></div><div class="product-tile__quick-add-gift"><i class="icon icon-share-gift"></i></div><div class="product-tile__quick-add-gift-label"><div class="product-tile__quick-add-gift-summary">Gift in your basket</div></div></div><div class="product-tile__quick-add-buttons"><button class="btn product-tile__quick-add-button product-tile__quick-add-button-remove js-product-tile__quick-remove"><div class="product-tile__quick-add-minus"></div></button><button class="btn product-tile__quick-add-button product-tile__quick-add-button-add js-product-tile__quick-add"><div class="product-tile__quick-add-plus"></div></button></div></div></div><div class="product-tile__product-info"><div class="product-tile__product-name-and-details"><a class="js-producer-link" href="https://www.goodeggs.com/andalounaturals"><div class="product-tile__producer-name">Andalou Naturals</div></a><a class="js-product-link" href="https://www.goodeggs.com/sfbay/andalounaturals/citrus-sunflower-uplifting-body-lotion/607a1da1844953001228e99a"><h5 class="product-tile__product-name">Citrus Sunflower Uplifting Body Lotion</h5></a></div><div class="product-tile__price-info product-tile-collapsing-row clearfix"><div class="product-tile__purchase-price product-tile-collapsing-row__fixed-right"><div class="split-price"><span class="split-price__dollars">9</span><span class="split-price__cents">99</span></div></div><div class="product-tile__comparison-price product-tile-collapsing-row__secondary-info"><span class="price-per">$1.24 </span>/ <span class="per-unit">oz</span></div><div class="product-tile__purchase-unit product-tile-collapsing-row__primary-info">8 oz</div></div></div></div></div></div></div></div></div><div class="product-tiles"><div class="product-listings-view__subcategory-anchor" id="health-home-vitamins-supplements"></div><h2 class="listings-section-header">Vitamins &amp; Supplements</h2><div id="vitamins-sleep" class="section-page"><div class="product-listings-view__section-anchor" id="health-home-vitamins-supplements-vitamins-sleep"></div><h3 class="listings-section-header">Sleep &amp; Stress</h3><div class="page"><div class="grid-items"><div class="grid-item lazyloaded" data-product-id="5fa9f0650f2c17000e7ba40d"><div class="product-tile product-tile--compact product-tile--market" data-id="5fa9f0650f2c17000e7ba40d"><div class="product-tile__favorite not-favorited"><div><div class="product-tile__favorite-circle"><svg class="product-tile__favorite-heart" viewBox="8.9 7.8 18 16.633654"><path d="m 17.89989,23.433653 c 0.631042,-0.630881 4.233291,-4.23521 6.485296,-6.486896 2.017605,-2.017765 1.974565,-4.958732 0.140161,-6.783217 -1.834405,-1.8249642 -4.800652,-1.8169641 -6.625457,0.0176 -1.824645,-1.8345641 -4.790892,-1.8425642 -6.625297,-0.0176 -1.8344041,1.824485 -1.8772842,4.765452 0.140161,6.783217 2.251845,2.251686 5.854574,5.856015 6.485136,6.486896 l 0,0 z"></path></svg></div></div></div><div class="product-tile__product-visuals"><a href="https://www.goodeggs.com/sfbay/nordicnaturals/melatonin-gummies/5fa9f0650f2c17000e7ba40d" class="js-product-tile__product-photo-wrapper js-product-photo-link js-product-link" data-alt="Melatonin Gummies" data-src="https://goodeggs4.imgix.net/3fb5881b-9d43-4c06-8337-10fae7288a37.jpg?w=380&amp;h=238&amp;fm=jpg&amp;auto=compress&amp;fit=crop"><img class="product-tile__product-photo" alt="Melatonin Gummies" src="./Health &amp; Home _ SF Bay _ Good Eggs_files/3fb5881b-9d43-4c06-8337-10fae7288a37.jpg"></a><div class="product-tile__product-photo-tinter"></div><div class="product-tile__quick-add"><div class="product-tile__quick-add-count is-transparent"><div class="product-tile__quick-add-quantity"><div class="product-tile__quantity-spinner product-tile__quantity-spinner__quantity js-quantity-indicator">1</div><div class="product-tile__quantity-spinner product-tile__quantity-spinner__previous-quantity js-quantity-indicator">1</div></div><div class="product-tile__quick-add-quantity-label"><div class="product-tile__quick-add-quantity-label-result">added</div><div class="product-tile__quick-add-quantity-label-summary">in your basket</div></div><div class="product-tile__quick-add-gift"><i class="icon icon-share-gift"></i></div><div class="product-tile__quick-add-gift-label"><div class="product-tile__quick-add-gift-summary">Gift in your basket</div></div></div><div class="product-tile__quick-add-buttons"><button class="btn product-tile__quick-add-button product-tile__quick-add-button-remove js-product-tile__quick-remove"><div class="product-tile__quick-add-minus"></div></button><button class="btn product-tile__quick-add-button product-tile__quick-add-button-add js-product-tile__quick-add"><div class="product-tile__quick-add-plus"></div></button></div></div></div><div class="product-tile__product-info"><div class="product-tile__product-name-and-details"><a class="js-producer-link" href="https://www.goodeggs.com/nordicnaturals"><div class="product-tile__producer-name">Nordic Naturals Inc.</div></a><a class="js-product-link" href="https://www.goodeggs.com/sfbay/nordicnaturals/melatonin-gummies/5fa9f0650f2c17000e7ba40d"><h5 class="product-tile__product-name">Melatonin Gummies</h5></a></div><div class="product-tile__price-info product-tile-collapsing-row clearfix"><div class="product-tile__purchase-price product-tile-collapsing-row__fixed-right"><div class="split-price"><span class="split-price__dollars">19</span><span class="split-price__cents">99</span></div></div><div class="product-tile__purchase-unit product-tile-collapsing-row__primary-info">60 count</div></div></div></div></div><div class="grid-item lazyloaded" data-product-id="5f9233e77291af000e8964b9"><div class="product-tile product-tile--compact product-tile--market" data-id="5f9233e77291af000e8964b9"><div class="product-tile__favorite not-favorited"><div><div class="product-tile__favorite-circle"><svg class="product-tile__favorite-heart" viewBox="8.9 7.8 18 16.633654"><path d="m 17.89989,23.433653 c 0.631042,-0.630881 4.233291,-4.23521 6.485296,-6.486896 2.017605,-2.017765 1.974565,-4.958732 0.140161,-6.783217 -1.834405,-1.8249642 -4.800652,-1.8169641 -6.625457,0.0176 -1.824645,-1.8345641 -4.790892,-1.8425642 -6.625297,-0.0176 -1.8344041,1.824485 -1.8772842,4.765452 0.140161,6.783217 2.251845,2.251686 5.854574,5.856015 6.485136,6.486896 l 0,0 z"></path></svg></div></div></div><div class="product-tile__product-visuals"><a href="https://www.goodeggs.com/sfbay/oraorganic/you-re-a-knockout-sleep-stress/5f9233e77291af000e8964b9" class="js-product-tile__product-photo-wrapper js-product-photo-link js-product-link" data-alt="You&#39;re a Knockout Sleep &amp; Stress" data-src="https://goodeggs4.imgix.net/cbd74692-f593-404a-9053-978a7e94f75f.jpg?w=380&amp;h=238&amp;fm=jpg&amp;auto=compress&amp;fit=crop"><img class="product-tile__product-photo" alt="You&#39;re a Knockout Sleep &amp; Stress" src="./Health &amp; Home _ SF Bay _ Good Eggs_files/cbd74692-f593-404a-9053-978a7e94f75f.jpg"></a><div class="product-tile__product-photo-tinter"></div><div class="product-tile__quick-add"><div class="product-tile__quick-add-count is-transparent"><div class="product-tile__quick-add-quantity"><div class="product-tile__quantity-spinner product-tile__quantity-spinner__quantity js-quantity-indicator">1</div><div class="product-tile__quantity-spinner product-tile__quantity-spinner__previous-quantity js-quantity-indicator">1</div></div><div class="product-tile__quick-add-quantity-label"><div class="product-tile__quick-add-quantity-label-result">added</div><div class="product-tile__quick-add-quantity-label-summary">in your basket</div></div><div class="product-tile__quick-add-gift"><i class="icon icon-share-gift"></i></div><div class="product-tile__quick-add-gift-label"><div class="product-tile__quick-add-gift-summary">Gift in your basket</div></div></div><div class="product-tile__quick-add-buttons"><button class="btn product-tile__quick-add-button product-tile__quick-add-button-remove js-product-tile__quick-remove"><div class="product-tile__quick-add-minus"></div></button><button class="btn product-tile__quick-add-button product-tile__quick-add-button-add js-product-tile__quick-add"><div class="product-tile__quick-add-plus"></div></button></div></div></div><div class="product-tile__product-info"><div class="product-tile__product-name-and-details"><a class="js-producer-link" href="https://www.goodeggs.com/oraorganic"><div class="product-tile__producer-name">Ora Organic</div></a><a class="js-product-link" href="https://www.goodeggs.com/sfbay/oraorganic/you-re-a-knockout-sleep-stress/5f9233e77291af000e8964b9"><h5 class="product-tile__product-name">You're a Knockout Sleep &amp; Stress</h5></a></div><div class="product-tile__price-info product-tile-collapsing-row clearfix"><div class="product-tile__purchase-price product-tile-collapsing-row__fixed-right"><div class="split-price"><span class="split-price__dollars">34</span><span class="split-price__cents">99</span></div></div><div class="product-tile__purchase-unit product-tile-collapsing-row__primary-info">60 count</div></div></div></div></div></div></div></div><div id="vitamins-gummies" class="section-page"><div class="product-listings-view__section-anchor" id="health-home-vitamins-supplements-vitamins-gummies"></div><h3 class="listings-section-header">Gummies</h3><div class="page"><div class="grid-items"><div class="grid-item lazyloaded" data-product-id="5fa9fd7f062445000eb2b582"><div class="product-tile product-tile--compact product-tile--market" data-id="5fa9fd7f062445000eb2b582"><div class="product-tile__favorite not-favorited"><div><div class="product-tile__favorite-circle"><svg class="product-tile__favorite-heart" viewBox="8.9 7.8 18 16.633654"><path d="m 17.89989,23.433653 c 0.631042,-0.630881 4.233291,-4.23521 6.485296,-6.486896 2.017605,-2.017765 1.974565,-4.958732 0.140161,-6.783217 -1.834405,-1.8249642 -4.800652,-1.8169641 -6.625457,0.0176 -1.824645,-1.8345641 -4.790892,-1.8425642 -6.625297,-0.0176 -1.8344041,1.824485 -1.8772842,4.765452 0.140161,6.783217 2.251845,2.251686 5.854574,5.856015 6.485136,6.486896 l 0,0 z"></path></svg></div></div></div><div class="product-tile__product-visuals"><a href="https://www.goodeggs.com/sfbay/nordicnaturals/wild-berries-vitamin-d3-gummies/5fa9fd7f062445000eb2b582" class="js-product-tile__product-photo-wrapper js-product-photo-link js-product-link" data-alt="Wild Berries Vitamin D3 Gummies" data-src="https://goodeggs4.imgix.net/5c91b6a8-ceaf-4576-8949-1b2136b0956f.jpg?w=380&amp;h=238&amp;fm=jpg&amp;auto=compress&amp;fit=crop"><img class="product-tile__product-photo" alt="Wild Berries Vitamin D3 Gummies" src="./Health &amp; Home _ SF Bay _ Good Eggs_files/5c91b6a8-ceaf-4576-8949-1b2136b0956f.jpg"></a><div class="product-tile__product-photo-tinter"></div><div class="product-tile__quick-add"><div class="product-tile__quick-add-count is-transparent"><div class="product-tile__quick-add-quantity"><div class="product-tile__quantity-spinner product-tile__quantity-spinner__quantity js-quantity-indicator">1</div><div class="product-tile__quantity-spinner product-tile__quantity-spinner__previous-quantity js-quantity-indicator">1</div></div><div class="product-tile__quick-add-quantity-label"><div class="product-tile__quick-add-quantity-label-result">added</div><div class="product-tile__quick-add-quantity-label-summary">in your basket</div></div><div class="product-tile__quick-add-gift"><i class="icon icon-share-gift"></i></div><div class="product-tile__quick-add-gift-label"><div class="product-tile__quick-add-gift-summary">Gift in your basket</div></div></div><div class="product-tile__quick-add-buttons"><button class="btn product-tile__quick-add-button product-tile__quick-add-button-remove js-product-tile__quick-remove"><div class="product-tile__quick-add-minus"></div></button><button class="btn product-tile__quick-add-button product-tile__quick-add-button-add js-product-tile__quick-add"><div class="product-tile__quick-add-plus"></div></button></div></div></div><div class="product-tile__product-info"><div class="product-tile__product-name-and-details"><a class="js-producer-link" href="https://www.goodeggs.com/nordicnaturals"><div class="product-tile__producer-name">Nordic Naturals Inc.</div></a><a class="js-product-link" href="https://www.goodeggs.com/sfbay/nordicnaturals/wild-berries-vitamin-d3-gummies/5fa9fd7f062445000eb2b582"><h5 class="product-tile__product-name">Wild Berries Vitamin D3 Gummies</h5></a></div><div class="product-tile__price-info product-tile-collapsing-row clearfix"><div class="product-tile__purchase-price product-tile-collapsing-row__fixed-right"><div class="split-price"><span class="split-price__dollars">13</span><span class="split-price__cents">49</span></div></div><div class="product-tile__purchase-unit product-tile-collapsing-row__primary-info">60 count</div></div></div></div></div><div class="grid-item lazyloaded" data-product-id="5fa9ef330f2c17000e7ba3f3"><div class="product-tile product-tile--compact product-tile--market" data-id="5fa9ef330f2c17000e7ba3f3"><div class="product-tile__favorite not-favorited"><div><div class="product-tile__favorite-circle"><svg class="product-tile__favorite-heart" viewBox="8.9 7.8 18 16.633654"><path d="m 17.89989,23.433653 c 0.631042,-0.630881 4.233291,-4.23521 6.485296,-6.486896 2.017605,-2.017765 1.974565,-4.958732 0.140161,-6.783217 -1.834405,-1.8249642 -4.800652,-1.8169641 -6.625457,0.0176 -1.824645,-1.8345641 -4.790892,-1.8425642 -6.625297,-0.0176 -1.8344041,1.824485 -1.8772842,4.765452 0.140161,6.783217 2.251845,2.251686 5.854574,5.856015 6.485136,6.486896 l 0,0 z"></path></svg></div></div></div><div class="product-tile__product-visuals"><a href="https://www.goodeggs.com/sfbay/nordicnaturals/vitamin-d3-gummies-for-kids/5fa9ef330f2c17000e7ba3f3" class="js-product-tile__product-photo-wrapper js-product-photo-link js-product-link" data-alt="Vitamin D3 Gummies for Kids" data-src="https://goodeggs4.imgix.net/dbfcc6eb-1c44-4b79-b6c1-ada0ddccfb93.jpg?w=380&amp;h=238&amp;fm=jpg&amp;auto=compress&amp;fit=crop"><img class="product-tile__product-photo" alt="Vitamin D3 Gummies for Kids" src="./Health &amp; Home _ SF Bay _ Good Eggs_files/dbfcc6eb-1c44-4b79-b6c1-ada0ddccfb93.jpg"></a><div class="product-tile__product-photo-tinter"></div><div class="product-tile__quick-add"><div class="product-tile__quick-add-count is-transparent"><div class="product-tile__quick-add-quantity"><div class="product-tile__quantity-spinner product-tile__quantity-spinner__quantity js-quantity-indicator">1</div><div class="product-tile__quantity-spinner product-tile__quantity-spinner__previous-quantity js-quantity-indicator">1</div></div><div class="product-tile__quick-add-quantity-label"><div class="product-tile__quick-add-quantity-label-result">added</div><div class="product-tile__quick-add-quantity-label-summary">in your basket</div></div><div class="product-tile__quick-add-gift"><i class="icon icon-share-gift"></i></div><div class="product-tile__quick-add-gift-label"><div class="product-tile__quick-add-gift-summary">Gift in your basket</div></div></div><div class="product-tile__quick-add-buttons"><button class="btn product-tile__quick-add-button product-tile__quick-add-button-remove js-product-tile__quick-remove"><div class="product-tile__quick-add-minus"></div></button><button class="btn product-tile__quick-add-button product-tile__quick-add-button-add js-product-tile__quick-add"><div class="product-tile__quick-add-plus"></div></button></div></div></div><div class="product-tile__product-info"><div class="product-tile__product-name-and-details"><a class="js-producer-link" href="https://www.goodeggs.com/nordicnaturals"><div class="product-tile__producer-name">Nordic Naturals Inc.</div></a><a class="js-product-link" href="https://www.goodeggs.com/sfbay/nordicnaturals/vitamin-d3-gummies-for-kids/5fa9ef330f2c17000e7ba3f3"><h5 class="product-tile__product-name">Vitamin D3 Gummies for Kids</h5></a></div><div class="product-tile__price-info product-tile-collapsing-row clearfix"><div class="product-tile__purchase-price product-tile-collapsing-row__fixed-right"><div class="split-price"><span class="split-price__dollars">12</span><span class="split-price__cents">49</span></div></div><div class="product-tile__purchase-unit product-tile-collapsing-row__primary-info">60 count</div></div></div></div></div><div class="grid-item lazyloaded" data-product-id="5fa9f0650f2c17000e7ba40d"><div class="product-tile product-tile--compact product-tile--market" data-id="5fa9f0650f2c17000e7ba40d"><div class="product-tile__favorite not-favorited"><div><div class="product-tile__favorite-circle"><svg class="product-tile__favorite-heart" viewBox="8.9 7.8 18 16.633654"><path d="m 17.89989,23.433653 c 0.631042,-0.630881 4.233291,-4.23521 6.485296,-6.486896 2.017605,-2.017765 1.974565,-4.958732 0.140161,-6.783217 -1.834405,-1.8249642 -4.800652,-1.8169641 -6.625457,0.0176 -1.824645,-1.8345641 -4.790892,-1.8425642 -6.625297,-0.0176 -1.8344041,1.824485 -1.8772842,4.765452 0.140161,6.783217 2.251845,2.251686 5.854574,5.856015 6.485136,6.486896 l 0,0 z"></path></svg></div></div></div><div class="product-tile__product-visuals"><a href="https://www.goodeggs.com/sfbay/nordicnaturals/melatonin-gummies/5fa9f0650f2c17000e7ba40d" class="js-product-tile__product-photo-wrapper js-product-photo-link js-product-link" data-alt="Melatonin Gummies" data-src="https://goodeggs4.imgix.net/3fb5881b-9d43-4c06-8337-10fae7288a37.jpg?w=380&amp;h=238&amp;fm=jpg&amp;auto=compress&amp;fit=crop"><img class="product-tile__product-photo" alt="Melatonin Gummies" src="./Health &amp; Home _ SF Bay _ Good Eggs_files/3fb5881b-9d43-4c06-8337-10fae7288a37.jpg"></a><div class="product-tile__product-photo-tinter"></div><div class="product-tile__quick-add"><div class="product-tile__quick-add-count is-transparent"><div class="product-tile__quick-add-quantity"><div class="product-tile__quantity-spinner product-tile__quantity-spinner__quantity js-quantity-indicator">1</div><div class="product-tile__quantity-spinner product-tile__quantity-spinner__previous-quantity js-quantity-indicator">1</div></div><div class="product-tile__quick-add-quantity-label"><div class="product-tile__quick-add-quantity-label-result">added</div><div class="product-tile__quick-add-quantity-label-summary">in your basket</div></div><div class="product-tile__quick-add-gift"><i class="icon icon-share-gift"></i></div><div class="product-tile__quick-add-gift-label"><div class="product-tile__quick-add-gift-summary">Gift in your basket</div></div></div><div class="product-tile__quick-add-buttons"><button class="btn product-tile__quick-add-button product-tile__quick-add-button-remove js-product-tile__quick-remove"><div class="product-tile__quick-add-minus"></div></button><button class="btn product-tile__quick-add-button product-tile__quick-add-button-add js-product-tile__quick-add"><div class="product-tile__quick-add-plus"></div></button></div></div></div><div class="product-tile__product-info"><div class="product-tile__product-name-and-details"><a class="js-producer-link" href="https://www.goodeggs.com/nordicnaturals"><div class="product-tile__producer-name">Nordic Naturals Inc.</div></a><a class="js-product-link" href="https://www.goodeggs.com/sfbay/nordicnaturals/melatonin-gummies/5fa9f0650f2c17000e7ba40d"><h5 class="product-tile__product-name">Melatonin Gummies</h5></a></div><div class="product-tile__price-info product-tile-collapsing-row clearfix"><div class="product-tile__purchase-price product-tile-collapsing-row__fixed-right"><div class="split-price"><span class="split-price__dollars">19</span><span class="split-price__cents">99</span></div></div><div class="product-tile__purchase-unit product-tile-collapsing-row__primary-info">60 count</div></div></div></div></div><div class="grid-item lazyloaded" data-product-id="5fa9ef33062445000eb2b526"><div class="product-tile product-tile--compact product-tile--market" data-id="5fa9ef33062445000eb2b526"><div class="product-tile__favorite not-favorited"><div><div class="product-tile__favorite-circle"><svg class="product-tile__favorite-heart" viewBox="8.9 7.8 18 16.633654"><path d="m 17.89989,23.433653 c 0.631042,-0.630881 4.233291,-4.23521 6.485296,-6.486896 2.017605,-2.017765 1.974565,-4.958732 0.140161,-6.783217 -1.834405,-1.8249642 -4.800652,-1.8169641 -6.625457,0.0176 -1.824645,-1.8345641 -4.790892,-1.8425642 -6.625297,-0.0176 -1.8344041,1.824485 -1.8772842,4.765452 0.140161,6.783217 2.251845,2.251686 5.854574,5.856015 6.485136,6.486896 l 0,0 z"></path></svg></div></div></div><div class="product-tile__product-visuals"><a href="https://www.goodeggs.com/sfbay/nordicnaturals/childrens-dha-gummies/5fa9ef33062445000eb2b526" class="js-product-tile__product-photo-wrapper js-product-photo-link js-product-link" data-alt="Children&#39;s DHA Gummies" data-src="https://goodeggs4.imgix.net/b1fcb79a-ed4b-4ea9-b5e9-e3369b5bc896.jpg?w=380&amp;h=238&amp;fm=jpg&amp;auto=compress&amp;fit=crop"><img class="product-tile__product-photo" alt="Children&#39;s DHA Gummies" src="./Health &amp; Home _ SF Bay _ Good Eggs_files/b1fcb79a-ed4b-4ea9-b5e9-e3369b5bc896.jpg"></a><div class="product-tile__product-photo-tinter"></div><div class="product-tile__quick-add"><div class="product-tile__quick-add-count is-transparent"><div class="product-tile__quick-add-quantity"><div class="product-tile__quantity-spinner product-tile__quantity-spinner__quantity js-quantity-indicator">1</div><div class="product-tile__quantity-spinner product-tile__quantity-spinner__previous-quantity js-quantity-indicator">1</div></div><div class="product-tile__quick-add-quantity-label"><div class="product-tile__quick-add-quantity-label-result">added</div><div class="product-tile__quick-add-quantity-label-summary">in your basket</div></div><div class="product-tile__quick-add-gift"><i class="icon icon-share-gift"></i></div><div class="product-tile__quick-add-gift-label"><div class="product-tile__quick-add-gift-summary">Gift in your basket</div></div></div><div class="product-tile__quick-add-buttons"><button class="btn product-tile__quick-add-button product-tile__quick-add-button-remove js-product-tile__quick-remove"><div class="product-tile__quick-add-minus"></div></button><button class="btn product-tile__quick-add-button product-tile__quick-add-button-add js-product-tile__quick-add"><div class="product-tile__quick-add-plus"></div></button></div></div></div><div class="product-tile__product-info"><div class="product-tile__product-name-and-details"><a class="js-producer-link" href="https://www.goodeggs.com/nordicnaturals"><div class="product-tile__producer-name">Nordic Naturals Inc.</div></a><a class="js-product-link" href="https://www.goodeggs.com/sfbay/nordicnaturals/childrens-dha-gummies/5fa9ef33062445000eb2b526"><h5 class="product-tile__product-name">Children's DHA Gummies</h5></a></div><div class="product-tile__price-info product-tile-collapsing-row clearfix"><div class="product-tile__purchase-price product-tile-collapsing-row__fixed-right"><div class="split-price"><span class="split-price__dollars">21</span><span class="split-price__cents">99</span></div></div><div class="product-tile__purchase-unit product-tile-collapsing-row__primary-info">30 count</div></div></div></div></div><div class="grid-item lazyloaded" data-product-id="5fa9eea0062445000eb2b50c"><div class="product-tile product-tile--compact product-tile--market" data-id="5fa9eea0062445000eb2b50c"><div class="product-tile__favorite not-favorited"><div><div class="product-tile__favorite-circle"><svg class="product-tile__favorite-heart" viewBox="8.9 7.8 18 16.633654"><path d="m 17.89989,23.433653 c 0.631042,-0.630881 4.233291,-4.23521 6.485296,-6.486896 2.017605,-2.017765 1.974565,-4.958732 0.140161,-6.783217 -1.834405,-1.8249642 -4.800652,-1.8169641 -6.625457,0.0176 -1.824645,-1.8345641 -4.790892,-1.8425642 -6.625297,-0.0176 -1.8344041,1.824485 -1.8772842,4.765452 0.140161,6.783217 2.251845,2.251686 5.854574,5.856015 6.485136,6.486896 l 0,0 z"></path></svg></div></div></div><div class="product-tile__product-visuals"><a href="https://www.goodeggs.com/sfbay/nordicnaturals/citrus-nordic-berries-multivitamins/5fa9eea0062445000eb2b50c" class="js-product-tile__product-photo-wrapper js-product-photo-link js-product-link" data-alt="Citrus Nordic Berries Multivitamins" data-src="https://goodeggs4.imgix.net/822b7778-2a84-4c6a-9d84-884c76fa6875.jpg?w=380&amp;h=238&amp;fm=jpg&amp;auto=compress&amp;fit=crop"><img class="product-tile__product-photo" alt="Citrus Nordic Berries Multivitamins" src="./Health &amp; Home _ SF Bay _ Good Eggs_files/822b7778-2a84-4c6a-9d84-884c76fa6875.jpg"></a><div class="product-tile__product-photo-tinter"></div><div class="product-tile__quick-add"><div class="product-tile__quick-add-count is-transparent"><div class="product-tile__quick-add-quantity"><div class="product-tile__quantity-spinner product-tile__quantity-spinner__quantity js-quantity-indicator">1</div><div class="product-tile__quantity-spinner product-tile__quantity-spinner__previous-quantity js-quantity-indicator">1</div></div><div class="product-tile__quick-add-quantity-label"><div class="product-tile__quick-add-quantity-label-result">added</div><div class="product-tile__quick-add-quantity-label-summary">in your basket</div></div><div class="product-tile__quick-add-gift"><i class="icon icon-share-gift"></i></div><div class="product-tile__quick-add-gift-label"><div class="product-tile__quick-add-gift-summary">Gift in your basket</div></div></div><div class="product-tile__quick-add-buttons"><button class="btn product-tile__quick-add-button product-tile__quick-add-button-remove js-product-tile__quick-remove"><div class="product-tile__quick-add-minus"></div></button><button class="btn product-tile__quick-add-button product-tile__quick-add-button-add js-product-tile__quick-add"><div class="product-tile__quick-add-plus"></div></button></div></div></div><div class="product-tile__product-info"><div class="product-tile__product-name-and-details"><a class="js-producer-link" href="https://www.goodeggs.com/nordicnaturals"><div class="product-tile__producer-name">Nordic Naturals Inc.</div></a><a class="js-product-link" href="https://www.goodeggs.com/sfbay/nordicnaturals/citrus-nordic-berries-multivitamins/5fa9eea0062445000eb2b50c"><h5 class="product-tile__product-name">Citrus Nordic Berries Multivitamins</h5></a></div><div class="product-tile__price-info product-tile-collapsing-row clearfix"><div class="product-tile__purchase-price product-tile-collapsing-row__fixed-right"><div class="split-price"><span class="split-price__dollars">25</span><span class="split-price__cents">99</span></div></div><div class="product-tile__purchase-unit product-tile-collapsing-row__primary-info">120 count</div></div></div></div></div><div class="grid-item lazyloaded" data-product-id="5fa9f101062445000eb2b540"><div class="product-tile product-tile--compact product-tile--market" data-id="5fa9f101062445000eb2b540"><div class="product-tile__favorite not-favorited"><div><div class="product-tile__favorite-circle"><svg class="product-tile__favorite-heart" viewBox="8.9 7.8 18 16.633654"><path d="m 17.89989,23.433653 c 0.631042,-0.630881 4.233291,-4.23521 6.485296,-6.486896 2.017605,-2.017765 1.974565,-4.958732 0.140161,-6.783217 -1.834405,-1.8249642 -4.800652,-1.8169641 -6.625457,0.0176 -1.824645,-1.8345641 -4.790892,-1.8425642 -6.625297,-0.0176 -1.8344041,1.824485 -1.8772842,4.765452 0.140161,6.783217 2.251845,2.251686 5.854574,5.856015 6.485136,6.486896 l 0,0 z"></path></svg></div></div></div><div class="product-tile__product-visuals"><a href="https://www.goodeggs.com/sfbay/nordicnaturals/vitamin-c-gummies/5fa9f101062445000eb2b540" class="js-product-tile__product-photo-wrapper js-product-photo-link js-product-link" data-alt="Vitamin C Gummies" data-src="https://goodeggs4.imgix.net/c46679f5-bd1d-4a30-9cc1-bc96a57beaee.jpg?w=380&amp;h=238&amp;fm=jpg&amp;auto=compress&amp;fit=crop"><img class="product-tile__product-photo" alt="Vitamin C Gummies" src="./Health &amp; Home _ SF Bay _ Good Eggs_files/c46679f5-bd1d-4a30-9cc1-bc96a57beaee.jpg"></a><div class="product-tile__product-photo-tinter"></div><div class="product-tile__quick-add"><div class="product-tile__quick-add-count is-transparent"><div class="product-tile__quick-add-quantity"><div class="product-tile__quantity-spinner product-tile__quantity-spinner__quantity js-quantity-indicator">1</div><div class="product-tile__quantity-spinner product-tile__quantity-spinner__previous-quantity js-quantity-indicator">1</div></div><div class="product-tile__quick-add-quantity-label"><div class="product-tile__quick-add-quantity-label-result">added</div><div class="product-tile__quick-add-quantity-label-summary">in your basket</div></div><div class="product-tile__quick-add-gift"><i class="icon icon-share-gift"></i></div><div class="product-tile__quick-add-gift-label"><div class="product-tile__quick-add-gift-summary">Gift in your basket</div></div></div><div class="product-tile__quick-add-buttons"><button class="btn product-tile__quick-add-button product-tile__quick-add-button-remove js-product-tile__quick-remove"><div class="product-tile__quick-add-minus"></div></button><button class="btn product-tile__quick-add-button product-tile__quick-add-button-add js-product-tile__quick-add"><div class="product-tile__quick-add-plus"></div></button></div></div></div><div class="product-tile__product-info"><div class="product-tile__product-name-and-details"><a class="js-producer-link" href="https://www.goodeggs.com/nordicnaturals"><div class="product-tile__producer-name">Nordic Naturals Inc.</div></a><a class="js-product-link" href="https://www.goodeggs.com/sfbay/nordicnaturals/vitamin-c-gummies/5fa9f101062445000eb2b540"><h5 class="product-tile__product-name">Vitamin C Gummies</h5></a></div><div class="product-tile__price-info product-tile-collapsing-row clearfix"><div class="product-tile__purchase-price product-tile-collapsing-row__fixed-right"><div class="split-price"><span class="split-price__dollars">13</span><span class="split-price__cents">49</span></div></div><div class="product-tile__purchase-unit product-tile-collapsing-row__primary-info">60 count</div></div></div></div></div><div class="grid-item lazyloaded" data-product-id="5faa042e062445000eb2b595"><div class="product-tile product-tile--compact product-tile--market" data-id="5faa042e062445000eb2b595"><div class="product-tile__favorite not-favorited"><div><div class="product-tile__favorite-circle"><svg class="product-tile__favorite-heart" viewBox="8.9 7.8 18 16.633654"><path d="m 17.89989,23.433653 c 0.631042,-0.630881 4.233291,-4.23521 6.485296,-6.486896 2.017605,-2.017765 1.974565,-4.958732 0.140161,-6.783217 -1.834405,-1.8249642 -4.800652,-1.8169641 -6.625457,0.0176 -1.824645,-1.8345641 -4.790892,-1.8425642 -6.625297,-0.0176 -1.8344041,1.824485 -1.8772842,4.765452 0.140161,6.783217 2.251845,2.251686 5.854574,5.856015 6.485136,6.486896 l 0,0 z"></path></svg></div></div></div><div class="product-tile__product-visuals"><a href="https://www.goodeggs.com/sfbay/nordicnaturals/nordic-probiotic-gummies-for-kids/5faa042e062445000eb2b595" class="js-product-tile__product-photo-wrapper js-product-photo-link js-product-link" data-alt="Nordic Probiotic Gummies for Kids" data-src="https://goodeggs4.imgix.net/0d248028-a357-492c-a594-9ee80bfbbc97.jpg?w=380&amp;h=238&amp;fm=jpg&amp;auto=compress&amp;fit=crop"><img class="product-tile__product-photo" alt="Nordic Probiotic Gummies for Kids" src="./Health &amp; Home _ SF Bay _ Good Eggs_files/0d248028-a357-492c-a594-9ee80bfbbc97.jpg"></a><div class="product-tile__product-photo-tinter"></div><div class="product-tile__quick-add"><div class="product-tile__quick-add-count is-transparent"><div class="product-tile__quick-add-quantity"><div class="product-tile__quantity-spinner product-tile__quantity-spinner__quantity js-quantity-indicator">1</div><div class="product-tile__quantity-spinner product-tile__quantity-spinner__previous-quantity js-quantity-indicator">1</div></div><div class="product-tile__quick-add-quantity-label"><div class="product-tile__quick-add-quantity-label-result">added</div><div class="product-tile__quick-add-quantity-label-summary">in your basket</div></div><div class="product-tile__quick-add-gift"><i class="icon icon-share-gift"></i></div><div class="product-tile__quick-add-gift-label"><div class="product-tile__quick-add-gift-summary">Gift in your basket</div></div></div><div class="product-tile__quick-add-buttons"><button class="btn product-tile__quick-add-button product-tile__quick-add-button-remove js-product-tile__quick-remove"><div class="product-tile__quick-add-minus"></div></button><button class="btn product-tile__quick-add-button product-tile__quick-add-button-add js-product-tile__quick-add"><div class="product-tile__quick-add-plus"></div></button></div></div></div><div class="product-tile__product-info"><div class="product-tile__product-name-and-details"><a class="js-producer-link" href="https://www.goodeggs.com/nordicnaturals"><div class="product-tile__producer-name">Nordic Naturals Inc.</div></a><a class="js-product-link" href="https://www.goodeggs.com/sfbay/nordicnaturals/nordic-probiotic-gummies-for-kids/5faa042e062445000eb2b595"><h5 class="product-tile__product-name">Nordic Probiotic Gummies for Kids</h5></a></div><div class="product-tile__price-info product-tile-collapsing-row clearfix"><div class="product-tile__purchase-price product-tile-collapsing-row__fixed-right"><div class="split-price"><span class="split-price__dollars">19</span><span class="split-price__cents">99</span></div></div><div class="product-tile__purchase-unit product-tile-collapsing-row__primary-info">60 count</div></div></div></div></div><div class="grid-item lazyloaded" data-product-id="5f88ceb313cb21000e556ca4"><div class="product-tile product-tile--compact product-tile--market" data-id="5f88ceb313cb21000e556ca4"><div class="product-tile__favorite not-favorited"><div><div class="product-tile__favorite-circle"><svg class="product-tile__favorite-heart" viewBox="8.9 7.8 18 16.633654"><path d="m 17.89989,23.433653 c 0.631042,-0.630881 4.233291,-4.23521 6.485296,-6.486896 2.017605,-2.017765 1.974565,-4.958732 0.140161,-6.783217 -1.834405,-1.8249642 -4.800652,-1.8169641 -6.625457,0.0176 -1.824645,-1.8345641 -4.790892,-1.8425642 -6.625297,-0.0176 -1.8344041,1.824485 -1.8772842,4.765452 0.140161,6.783217 2.251845,2.251686 5.854574,5.856015 6.485136,6.486896 l 0,0 z"></path></svg></div></div></div><div class="product-tile__product-visuals"><a href="https://www.goodeggs.com/sfbay/wedderspoonsfbay/manuka-honey-citrus-immunity-gummies/5f88ceb313cb21000e556ca4" class="js-product-tile__product-photo-wrapper js-product-photo-link js-product-link" data-alt="Manuka Honey Citrus Immunity Gummies" data-src="https://goodeggs4.imgix.net/c4d94b88-1b0f-43ea-9d54-0623db412bbf.jpg?w=380&amp;h=238&amp;fm=jpg&amp;auto=compress&amp;fit=crop"><img class="product-tile__product-photo" alt="Manuka Honey Citrus Immunity Gummies" src="./Health &amp; Home _ SF Bay _ Good Eggs_files/c4d94b88-1b0f-43ea-9d54-0623db412bbf.jpg"></a><div class="product-tile__product-photo-tinter"></div><div class="product-tile__quick-add"><div class="product-tile__quick-add-count is-transparent"><div class="product-tile__quick-add-quantity"><div class="product-tile__quantity-spinner product-tile__quantity-spinner__quantity js-quantity-indicator">1</div><div class="product-tile__quantity-spinner product-tile__quantity-spinner__previous-quantity js-quantity-indicator">1</div></div><div class="product-tile__quick-add-quantity-label"><div class="product-tile__quick-add-quantity-label-result">added</div><div class="product-tile__quick-add-quantity-label-summary">in your basket</div></div><div class="product-tile__quick-add-gift"><i class="icon icon-share-gift"></i></div><div class="product-tile__quick-add-gift-label"><div class="product-tile__quick-add-gift-summary">Gift in your basket</div></div></div><div class="product-tile__quick-add-buttons"><button class="btn product-tile__quick-add-button product-tile__quick-add-button-remove js-product-tile__quick-remove"><div class="product-tile__quick-add-minus"></div></button><button class="btn product-tile__quick-add-button product-tile__quick-add-button-add js-product-tile__quick-add"><div class="product-tile__quick-add-plus"></div></button></div></div></div><div class="product-tile__product-info"><div class="product-tile__product-name-and-details"><a class="js-producer-link" href="https://www.goodeggs.com/wedderspoonsfbay"><div class="product-tile__producer-name">Wedderspoon</div></a><a class="js-product-link" href="https://www.goodeggs.com/sfbay/wedderspoonsfbay/manuka-honey-citrus-immunity-gummies/5f88ceb313cb21000e556ca4"><h5 class="product-tile__product-name">Manuka Honey Citrus Immunity Gummies</h5></a></div><div class="product-tile__price-info product-tile-collapsing-row clearfix"><div class="product-tile__purchase-price product-tile-collapsing-row__fixed-right"><div class="split-price"><span class="split-price__dollars">19</span><span class="split-price__cents">99</span></div></div><div class="product-tile__comparison-price product-tile-collapsing-row__secondary-info"><span class="price-per">$2.27 </span>/ <span class="per-unit">oz</span></div><div class="product-tile__purchase-unit product-tile-collapsing-row__primary-info">90 count</div></div></div></div></div><div class="grid-item lazyloaded" data-product-id="5f88cc4ecc2063000e68e60d"><div class="product-tile product-tile--compact product-tile--market" data-id="5f88cc4ecc2063000e68e60d"><div class="product-tile__favorite not-favorited"><div><div class="product-tile__favorite-circle"><svg class="product-tile__favorite-heart" viewBox="8.9 7.8 18 16.633654"><path d="m 17.89989,23.433653 c 0.631042,-0.630881 4.233291,-4.23521 6.485296,-6.486896 2.017605,-2.017765 1.974565,-4.958732 0.140161,-6.783217 -1.834405,-1.8249642 -4.800652,-1.8169641 -6.625457,0.0176 -1.824645,-1.8345641 -4.790892,-1.8425642 -6.625297,-0.0176 -1.8344041,1.824485 -1.8772842,4.765452 0.140161,6.783217 2.251845,2.251686 5.854574,5.856015 6.485136,6.486896 l 0,0 z"></path></svg></div></div></div><div class="product-tile__product-visuals"><a href="https://www.goodeggs.com/sfbay/wedderspoonsfbay/manuka-honey-berry-immunity-gummies/5f88cc4ecc2063000e68e60d" class="js-product-tile__product-photo-wrapper js-product-photo-link js-product-link" data-alt="Manuka Honey Berry Immunity Gummies" data-src="https://goodeggs4.imgix.net/3b1e98ff-52dd-4181-b209-87d9dc62ec92.jpg?w=380&amp;h=238&amp;fm=jpg&amp;auto=compress&amp;fit=crop"><img class="product-tile__product-photo" alt="Manuka Honey Berry Immunity Gummies" src="./Health &amp; Home _ SF Bay _ Good Eggs_files/3b1e98ff-52dd-4181-b209-87d9dc62ec92.jpg"></a><div class="product-tile__product-photo-tinter"></div><div class="product-tile__quick-add"><div class="product-tile__quick-add-count is-transparent"><div class="product-tile__quick-add-quantity"><div class="product-tile__quantity-spinner product-tile__quantity-spinner__quantity js-quantity-indicator">1</div><div class="product-tile__quantity-spinner product-tile__quantity-spinner__previous-quantity js-quantity-indicator">1</div></div><div class="product-tile__quick-add-quantity-label"><div class="product-tile__quick-add-quantity-label-result">added</div><div class="product-tile__quick-add-quantity-label-summary">in your basket</div></div><div class="product-tile__quick-add-gift"><i class="icon icon-share-gift"></i></div><div class="product-tile__quick-add-gift-label"><div class="product-tile__quick-add-gift-summary">Gift in your basket</div></div></div><div class="product-tile__quick-add-buttons"><button class="btn product-tile__quick-add-button product-tile__quick-add-button-remove js-product-tile__quick-remove"><div class="product-tile__quick-add-minus"></div></button><button class="btn product-tile__quick-add-button product-tile__quick-add-button-add js-product-tile__quick-add"><div class="product-tile__quick-add-plus"></div></button></div></div></div><div class="product-tile__product-info"><div class="product-tile__product-name-and-details"><a class="js-producer-link" href="https://www.goodeggs.com/wedderspoonsfbay"><div class="product-tile__producer-name">Wedderspoon</div></a><a class="js-product-link" href="https://www.goodeggs.com/sfbay/wedderspoonsfbay/manuka-honey-berry-immunity-gummies/5f88cc4ecc2063000e68e60d"><h5 class="product-tile__product-name">Manuka Honey Berry Immunity Gummies</h5></a></div><div class="product-tile__price-info product-tile-collapsing-row clearfix"><div class="product-tile__purchase-price product-tile-collapsing-row__fixed-right"><div class="split-price"><span class="split-price__dollars">19</span><span class="split-price__cents">99</span></div></div><div class="product-tile__comparison-price product-tile-collapsing-row__secondary-info"><span class="price-per">$2.27 </span>/ <span class="per-unit">oz</span></div><div class="product-tile__purchase-unit product-tile-collapsing-row__primary-info">90 count</div></div></div></div></div></div></div></div><div id="vitamins-omegas" class="section-page"><div class="product-listings-view__section-anchor" id="health-home-vitamins-supplements-vitamins-omegas"></div><h3 class="listings-section-header">Omegas &amp; Fish Oil</h3><div class="page"><div class="grid-items"><div class="grid-item" data-product-id="5fa9ef33062445000eb2b526"><div class="product-tile product-tile--compact product-tile--market" data-id="5fa9ef33062445000eb2b526"><div class="product-tile__favorite not-favorited"><div><div class="product-tile__favorite-circle"><svg class="product-tile__favorite-heart" viewBox="8.9 7.8 18 16.633654"><path d="m 17.89989,23.433653 c 0.631042,-0.630881 4.233291,-4.23521 6.485296,-6.486896 2.017605,-2.017765 1.974565,-4.958732 0.140161,-6.783217 -1.834405,-1.8249642 -4.800652,-1.8169641 -6.625457,0.0176 -1.824645,-1.8345641 -4.790892,-1.8425642 -6.625297,-0.0176 -1.8344041,1.824485 -1.8772842,4.765452 0.140161,6.783217 2.251845,2.251686 5.854574,5.856015 6.485136,6.486896 l 0,0 z"></path></svg></div></div></div><div class="product-tile__product-visuals"><a href="https://www.goodeggs.com/sfbay/nordicnaturals/childrens-dha-gummies/5fa9ef33062445000eb2b526" class="js-product-tile__product-photo-wrapper js-product-photo-link js-product-link" data-alt="Children&#39;s DHA Gummies" data-src="https://goodeggs4.imgix.net/b1fcb79a-ed4b-4ea9-b5e9-e3369b5bc896.jpg?w=380&amp;h=238&amp;fm=jpg&amp;auto=compress&amp;fit=crop"><img class="product-tile__product-photo" alt="Children&#39;s DHA Gummies" src="./Health &amp; Home _ SF Bay _ Good Eggs_files/b1fcb79a-ed4b-4ea9-b5e9-e3369b5bc896.jpg"></a><div class="product-tile__product-photo-tinter"></div><div class="product-tile__quick-add"><div class="product-tile__quick-add-count is-transparent"><div class="product-tile__quick-add-quantity"><div class="product-tile__quantity-spinner product-tile__quantity-spinner__quantity js-quantity-indicator">1</div><div class="product-tile__quantity-spinner product-tile__quantity-spinner__previous-quantity js-quantity-indicator">1</div></div><div class="product-tile__quick-add-quantity-label"><div class="product-tile__quick-add-quantity-label-result">added</div><div class="product-tile__quick-add-quantity-label-summary">in your basket</div></div><div class="product-tile__quick-add-gift"><i class="icon icon-share-gift"></i></div><div class="product-tile__quick-add-gift-label"><div class="product-tile__quick-add-gift-summary">Gift in your basket</div></div></div><div class="product-tile__quick-add-buttons"><button class="btn product-tile__quick-add-button product-tile__quick-add-button-remove js-product-tile__quick-remove"><div class="product-tile__quick-add-minus"></div></button><button class="btn product-tile__quick-add-button product-tile__quick-add-button-add js-product-tile__quick-add"><div class="product-tile__quick-add-plus"></div></button></div></div></div><div class="product-tile__product-info"><div class="product-tile__product-name-and-details"><a class="js-producer-link" href="https://www.goodeggs.com/nordicnaturals"><div class="product-tile__producer-name">Nordic Naturals Inc.</div></a><a class="js-product-link" href="https://www.goodeggs.com/sfbay/nordicnaturals/childrens-dha-gummies/5fa9ef33062445000eb2b526"><h5 class="product-tile__product-name">Children's DHA Gummies</h5></a></div><div class="product-tile__price-info product-tile-collapsing-row clearfix"><div class="product-tile__purchase-price product-tile-collapsing-row__fixed-right"><div class="split-price"><span class="split-price__dollars">21</span><span class="split-price__cents">99</span></div></div><div class="product-tile__purchase-unit product-tile-collapsing-row__primary-info">30 count</div></div></div></div></div><div class="grid-item lazyloaded" data-product-id="5fa9efd00f2c17000e7ba3fd"><div class="product-tile product-tile--compact product-tile--market" data-id="5fa9efd00f2c17000e7ba3fd"><div class="product-tile__favorite not-favorited"><div><div class="product-tile__favorite-circle"><svg class="product-tile__favorite-heart" viewBox="8.9 7.8 18 16.633654"><path d="m 17.89989,23.433653 c 0.631042,-0.630881 4.233291,-4.23521 6.485296,-6.486896 2.017605,-2.017765 1.974565,-4.958732 0.140161,-6.783217 -1.834405,-1.8249642 -4.800652,-1.8169641 -6.625457,0.0176 -1.824645,-1.8345641 -4.790892,-1.8425642 -6.625297,-0.0176 -1.8344041,1.824485 -1.8772842,4.765452 0.140161,6.783217 2.251845,2.251686 5.854574,5.856015 6.485136,6.486896 l 0,0 z"></path></svg></div></div></div><div class="product-tile__product-visuals"><a href="https://www.goodeggs.com/sfbay/nordicnaturals/ultimate-omega/5fa9efd00f2c17000e7ba3fd" class="js-product-tile__product-photo-wrapper js-product-photo-link js-product-link" data-alt="Ultimate Omega" data-src="https://goodeggs4.imgix.net/136bf26c-c057-41d6-a9e8-e06ee008a59a.jpg?w=380&amp;h=238&amp;fm=jpg&amp;auto=compress&amp;fit=crop"><img class="product-tile__product-photo" alt="Ultimate Omega" src="./Health &amp; Home _ SF Bay _ Good Eggs_files/136bf26c-c057-41d6-a9e8-e06ee008a59a.jpg"></a><div class="product-tile__product-photo-tinter"></div><div class="product-tile__quick-add"><div class="product-tile__quick-add-count is-transparent"><div class="product-tile__quick-add-quantity"><div class="product-tile__quantity-spinner product-tile__quantity-spinner__quantity js-quantity-indicator">1</div><div class="product-tile__quantity-spinner product-tile__quantity-spinner__previous-quantity js-quantity-indicator">1</div></div><div class="product-tile__quick-add-quantity-label"><div class="product-tile__quick-add-quantity-label-result">added</div><div class="product-tile__quick-add-quantity-label-summary">in your basket</div></div><div class="product-tile__quick-add-gift"><i class="icon icon-share-gift"></i></div><div class="product-tile__quick-add-gift-label"><div class="product-tile__quick-add-gift-summary">Gift in your basket</div></div></div><div class="product-tile__quick-add-buttons"><button class="btn product-tile__quick-add-button product-tile__quick-add-button-remove js-product-tile__quick-remove"><div class="product-tile__quick-add-minus"></div></button><button class="btn product-tile__quick-add-button product-tile__quick-add-button-add js-product-tile__quick-add"><div class="product-tile__quick-add-plus"></div></button></div></div></div><div class="product-tile__product-info"><div class="product-tile__product-name-and-details"><a class="js-producer-link" href="https://www.goodeggs.com/nordicnaturals"><div class="product-tile__producer-name">Nordic Naturals Inc.</div></a><a class="js-product-link" href="https://www.goodeggs.com/sfbay/nordicnaturals/ultimate-omega/5fa9efd00f2c17000e7ba3fd"><h5 class="product-tile__product-name">Ultimate Omega</h5></a></div><div class="product-tile__price-info product-tile-collapsing-row clearfix"><div class="product-tile__purchase-price product-tile-collapsing-row__fixed-right"><div class="split-price"><span class="split-price__dollars">27</span><span class="split-price__cents">99</span></div></div><div class="product-tile__purchase-unit product-tile-collapsing-row__primary-info">60 count</div></div></div></div></div><div class="grid-item lazyloaded" data-product-id="5fa9f20c062445000eb2b54c"><div class="product-tile product-tile--compact product-tile--market" data-id="5fa9f20c062445000eb2b54c"><div class="product-tile__favorite not-favorited"><div><div class="product-tile__favorite-circle"><svg class="product-tile__favorite-heart" viewBox="8.9 7.8 18 16.633654"><path d="m 17.89989,23.433653 c 0.631042,-0.630881 4.233291,-4.23521 6.485296,-6.486896 2.017605,-2.017765 1.974565,-4.958732 0.140161,-6.783217 -1.834405,-1.8249642 -4.800652,-1.8169641 -6.625457,0.0176 -1.824645,-1.8345641 -4.790892,-1.8425642 -6.625297,-0.0176 -1.8344041,1.824485 -1.8772842,4.765452 0.140161,6.783217 2.251845,2.251686 5.854574,5.856015 6.485136,6.486896 l 0,0 z"></path></svg></div></div></div><div class="product-tile__product-visuals"><a href="https://www.goodeggs.com/sfbay/nordicnaturals/arctic-cod-liver-oil-soft-gels/5fa9f20c062445000eb2b54c" class="js-product-tile__product-photo-wrapper js-product-photo-link js-product-link" data-alt="Arctic Cod Liver Oil Soft Gels" data-src="https://goodeggs4.imgix.net/64fdd988-3dcd-42c6-8bb2-e6cff7072d42.jpg?w=380&amp;h=238&amp;fm=jpg&amp;auto=compress&amp;fit=crop"><img class="product-tile__product-photo" alt="Arctic Cod Liver Oil Soft Gels" src="./Health &amp; Home _ SF Bay _ Good Eggs_files/64fdd988-3dcd-42c6-8bb2-e6cff7072d42.jpg"></a><div class="product-tile__product-photo-tinter"></div><div class="product-tile__quick-add"><div class="product-tile__quick-add-count is-transparent"><div class="product-tile__quick-add-quantity"><div class="product-tile__quantity-spinner product-tile__quantity-spinner__quantity js-quantity-indicator">1</div><div class="product-tile__quantity-spinner product-tile__quantity-spinner__previous-quantity js-quantity-indicator">1</div></div><div class="product-tile__quick-add-quantity-label"><div class="product-tile__quick-add-quantity-label-result">added</div><div class="product-tile__quick-add-quantity-label-summary">in your basket</div></div><div class="product-tile__quick-add-gift"><i class="icon icon-share-gift"></i></div><div class="product-tile__quick-add-gift-label"><div class="product-tile__quick-add-gift-summary">Gift in your basket</div></div></div><div class="product-tile__quick-add-buttons"><button class="btn product-tile__quick-add-button product-tile__quick-add-button-remove js-product-tile__quick-remove"><div class="product-tile__quick-add-minus"></div></button><button class="btn product-tile__quick-add-button product-tile__quick-add-button-add js-product-tile__quick-add"><div class="product-tile__quick-add-plus"></div></button></div></div></div><div class="product-tile__product-info"><div class="product-tile__product-name-and-details"><a class="js-producer-link" href="https://www.goodeggs.com/nordicnaturals"><div class="product-tile__producer-name">Nordic Naturals Inc.</div></a><a class="js-product-link" href="https://www.goodeggs.com/sfbay/nordicnaturals/arctic-cod-liver-oil-soft-gels/5fa9f20c062445000eb2b54c"><h5 class="product-tile__product-name">Arctic Cod Liver Oil Soft Gels</h5></a></div><div class="product-tile__price-info product-tile-collapsing-row clearfix"><div class="product-tile__purchase-price product-tile-collapsing-row__fixed-right"><div class="split-price"><span class="split-price__dollars">22</span><span class="split-price__cents">99</span></div></div><div class="product-tile__purchase-unit product-tile-collapsing-row__primary-info">90 count</div></div></div></div></div><div class="grid-item lazyloaded" data-product-id="5fa9f3950f2c17000e7ba423"><div class="product-tile product-tile--compact product-tile--market" data-id="5fa9f3950f2c17000e7ba423"><div class="product-tile__favorite not-favorited"><div><div class="product-tile__favorite-circle"><svg class="product-tile__favorite-heart" viewBox="8.9 7.8 18 16.633654"><path d="m 17.89989,23.433653 c 0.631042,-0.630881 4.233291,-4.23521 6.485296,-6.486896 2.017605,-2.017765 1.974565,-4.958732 0.140161,-6.783217 -1.834405,-1.8249642 -4.800652,-1.8169641 -6.625457,0.0176 -1.824645,-1.8345641 -4.790892,-1.8425642 -6.625297,-0.0176 -1.8344041,1.824485 -1.8772842,4.765452 0.140161,6.783217 2.251845,2.251686 5.854574,5.856015 6.485136,6.486896 l 0,0 z"></path></svg></div></div></div><div class="product-tile__product-visuals"><a href="https://www.goodeggs.com/sfbay/nordicnaturals/omega-joint/5fa9f3950f2c17000e7ba423" class="js-product-tile__product-photo-wrapper js-product-photo-link js-product-link" data-alt="Omega Joint" data-src="https://goodeggs4.imgix.net/643751d9-41e1-46f0-bcb6-d4d3e53f4d16.jpg?w=380&amp;h=238&amp;fm=jpg&amp;auto=compress&amp;fit=crop"><img class="product-tile__product-photo" alt="Omega Joint" src="./Health &amp; Home _ SF Bay _ Good Eggs_files/643751d9-41e1-46f0-bcb6-d4d3e53f4d16.jpg"></a><div class="product-tile__product-photo-tinter"></div><div class="product-tile__quick-add"><div class="product-tile__quick-add-count is-transparent"><div class="product-tile__quick-add-quantity"><div class="product-tile__quantity-spinner product-tile__quantity-spinner__quantity js-quantity-indicator">1</div><div class="product-tile__quantity-spinner product-tile__quantity-spinner__previous-quantity js-quantity-indicator">1</div></div><div class="product-tile__quick-add-quantity-label"><div class="product-tile__quick-add-quantity-label-result">added</div><div class="product-tile__quick-add-quantity-label-summary">in your basket</div></div><div class="product-tile__quick-add-gift"><i class="icon icon-share-gift"></i></div><div class="product-tile__quick-add-gift-label"><div class="product-tile__quick-add-gift-summary">Gift in your basket</div></div></div><div class="product-tile__quick-add-buttons"><button class="btn product-tile__quick-add-button product-tile__quick-add-button-remove js-product-tile__quick-remove"><div class="product-tile__quick-add-minus"></div></button><button class="btn product-tile__quick-add-button product-tile__quick-add-button-add js-product-tile__quick-add"><div class="product-tile__quick-add-plus"></div></button></div></div></div><div class="product-tile__product-info"><div class="product-tile__product-name-and-details"><a class="js-producer-link" href="https://www.goodeggs.com/nordicnaturals"><div class="product-tile__producer-name">Nordic Naturals Inc.</div></a><a class="js-product-link" href="https://www.goodeggs.com/sfbay/nordicnaturals/omega-joint/5fa9f3950f2c17000e7ba423"><h5 class="product-tile__product-name">Omega Joint</h5></a></div><div class="product-tile__price-info product-tile-collapsing-row clearfix"><div class="product-tile__purchase-price product-tile-collapsing-row__fixed-right"><div class="split-price"><span class="split-price__dollars">53</span><span class="split-price__cents">99</span></div></div><div class="product-tile__purchase-unit product-tile-collapsing-row__primary-info">90 count</div></div></div></div></div></div></div></div><div id="multivitamins" class="section-page"><div class="product-listings-view__section-anchor" id="health-home-vitamins-supplements-multivitamins"></div><h3 class="listings-section-header">Multivitamins</h3><div class="page"><div class="grid-items"><div class="grid-item" data-product-id="5fa9eea0062445000eb2b50c"><div class="product-tile product-tile--compact product-tile--market" data-id="5fa9eea0062445000eb2b50c"><div class="product-tile__favorite not-favorited"><div><div class="product-tile__favorite-circle"><svg class="product-tile__favorite-heart" viewBox="8.9 7.8 18 16.633654"><path d="m 17.89989,23.433653 c 0.631042,-0.630881 4.233291,-4.23521 6.485296,-6.486896 2.017605,-2.017765 1.974565,-4.958732 0.140161,-6.783217 -1.834405,-1.8249642 -4.800652,-1.8169641 -6.625457,0.0176 -1.824645,-1.8345641 -4.790892,-1.8425642 -6.625297,-0.0176 -1.8344041,1.824485 -1.8772842,4.765452 0.140161,6.783217 2.251845,2.251686 5.854574,5.856015 6.485136,6.486896 l 0,0 z"></path></svg></div></div></div><div class="product-tile__product-visuals"><a href="https://www.goodeggs.com/sfbay/nordicnaturals/citrus-nordic-berries-multivitamins/5fa9eea0062445000eb2b50c" class="js-product-tile__product-photo-wrapper js-product-photo-link js-product-link" data-alt="Citrus Nordic Berries Multivitamins" data-src="https://goodeggs4.imgix.net/822b7778-2a84-4c6a-9d84-884c76fa6875.jpg?w=380&amp;h=238&amp;fm=jpg&amp;auto=compress&amp;fit=crop"><img class="product-tile__product-photo" alt="Citrus Nordic Berries Multivitamins" src="./Health &amp; Home _ SF Bay _ Good Eggs_files/822b7778-2a84-4c6a-9d84-884c76fa6875.jpg"></a><div class="product-tile__product-photo-tinter"></div><div class="product-tile__quick-add"><div class="product-tile__quick-add-count is-transparent"><div class="product-tile__quick-add-quantity"><div class="product-tile__quantity-spinner product-tile__quantity-spinner__quantity js-quantity-indicator">1</div><div class="product-tile__quantity-spinner product-tile__quantity-spinner__previous-quantity js-quantity-indicator">1</div></div><div class="product-tile__quick-add-quantity-label"><div class="product-tile__quick-add-quantity-label-result">added</div><div class="product-tile__quick-add-quantity-label-summary">in your basket</div></div><div class="product-tile__quick-add-gift"><i class="icon icon-share-gift"></i></div><div class="product-tile__quick-add-gift-label"><div class="product-tile__quick-add-gift-summary">Gift in your basket</div></div></div><div class="product-tile__quick-add-buttons"><button class="btn product-tile__quick-add-button product-tile__quick-add-button-remove js-product-tile__quick-remove"><div class="product-tile__quick-add-minus"></div></button><button class="btn product-tile__quick-add-button product-tile__quick-add-button-add js-product-tile__quick-add"><div class="product-tile__quick-add-plus"></div></button></div></div></div><div class="product-tile__product-info"><div class="product-tile__product-name-and-details"><a class="js-producer-link" href="https://www.goodeggs.com/nordicnaturals"><div class="product-tile__producer-name">Nordic Naturals Inc.</div></a><a class="js-product-link" href="https://www.goodeggs.com/sfbay/nordicnaturals/citrus-nordic-berries-multivitamins/5fa9eea0062445000eb2b50c"><h5 class="product-tile__product-name">Citrus Nordic Berries Multivitamins</h5></a></div><div class="product-tile__price-info product-tile-collapsing-row clearfix"><div class="product-tile__purchase-price product-tile-collapsing-row__fixed-right"><div class="split-price"><span class="split-price__dollars">25</span><span class="split-price__cents">99</span></div></div><div class="product-tile__purchase-unit product-tile-collapsing-row__primary-info">120 count</div></div></div></div></div><div class="grid-item lazyloaded" data-product-id="5f9235982d71e9000e321f9e"><div class="product-tile product-tile--compact product-tile--market" data-id="5f9235982d71e9000e321f9e"><div class="product-tile__favorite not-favorited"><div><div class="product-tile__favorite-circle"><svg class="product-tile__favorite-heart" viewBox="8.9 7.8 18 16.633654"><path d="m 17.89989,23.433653 c 0.631042,-0.630881 4.233291,-4.23521 6.485296,-6.486896 2.017605,-2.017765 1.974565,-4.958732 0.140161,-6.783217 -1.834405,-1.8249642 -4.800652,-1.8169641 -6.625457,0.0176 -1.824645,-1.8345641 -4.790892,-1.8425642 -6.625297,-0.0176 -1.8344041,1.824485 -1.8772842,4.765452 0.140161,6.783217 2.251845,2.251686 5.854574,5.856015 6.485136,6.486896 l 0,0 z"></path></svg></div></div></div><div class="product-tile__product-visuals"><a href="https://www.goodeggs.com/sfbay/oraorganic/hair-skin-nails-support-supplement/5f9235982d71e9000e321f9e" class="js-product-tile__product-photo-wrapper js-product-photo-link js-product-link" data-alt="Hair Skin &amp; Nails Support Supplement" data-src="https://goodeggs4.imgix.net/6acc7e3d-a12e-4f67-aca7-e089c37be553.jpg?w=380&amp;h=238&amp;fm=jpg&amp;auto=compress&amp;fit=crop"><img class="product-tile__product-photo" alt="Hair Skin &amp; Nails Support Supplement" src="./Health &amp; Home _ SF Bay _ Good Eggs_files/6acc7e3d-a12e-4f67-aca7-e089c37be553.jpg"></a><div class="product-tile__product-photo-tinter"></div><div class="product-tile__quick-add"><div class="product-tile__quick-add-count is-transparent"><div class="product-tile__quick-add-quantity"><div class="product-tile__quantity-spinner product-tile__quantity-spinner__quantity js-quantity-indicator">1</div><div class="product-tile__quantity-spinner product-tile__quantity-spinner__previous-quantity js-quantity-indicator">1</div></div><div class="product-tile__quick-add-quantity-label"><div class="product-tile__quick-add-quantity-label-result">added</div><div class="product-tile__quick-add-quantity-label-summary">in your basket</div></div><div class="product-tile__quick-add-gift"><i class="icon icon-share-gift"></i></div><div class="product-tile__quick-add-gift-label"><div class="product-tile__quick-add-gift-summary">Gift in your basket</div></div></div><div class="product-tile__quick-add-buttons"><button class="btn product-tile__quick-add-button product-tile__quick-add-button-remove js-product-tile__quick-remove"><div class="product-tile__quick-add-minus"></div></button><button class="btn product-tile__quick-add-button product-tile__quick-add-button-add js-product-tile__quick-add"><div class="product-tile__quick-add-plus"></div></button></div></div></div><div class="product-tile__product-info"><div class="product-tile__product-name-and-details"><a class="js-producer-link" href="https://www.goodeggs.com/oraorganic"><div class="product-tile__producer-name">Ora Organic</div></a><a class="js-product-link" href="https://www.goodeggs.com/sfbay/oraorganic/hair-skin-nails-support-supplement/5f9235982d71e9000e321f9e"><h5 class="product-tile__product-name">Hair Skin &amp; Nails Support Supplement</h5></a></div><div class="product-tile__price-info product-tile-collapsing-row clearfix"><div class="product-tile__purchase-price product-tile-collapsing-row__fixed-right"><div class="split-price"><span class="split-price__dollars">34</span><span class="split-price__cents">99</span></div></div><div class="product-tile__purchase-unit product-tile-collapsing-row__primary-info">60 count</div></div></div></div></div></div></div></div><div id="letter-vitamins" class="section-page"><div class="product-listings-view__section-anchor" id="health-home-vitamins-supplements-letter-vitamins"></div><h3 class="listings-section-header">Letter Vitamins</h3><div class="page"><div class="grid-items"><div class="grid-item" data-product-id="5fa9fd7f062445000eb2b582"><div class="product-tile product-tile--compact product-tile--market" data-id="5fa9fd7f062445000eb2b582"><div class="product-tile__favorite not-favorited"><div><div class="product-tile__favorite-circle"><svg class="product-tile__favorite-heart" viewBox="8.9 7.8 18 16.633654"><path d="m 17.89989,23.433653 c 0.631042,-0.630881 4.233291,-4.23521 6.485296,-6.486896 2.017605,-2.017765 1.974565,-4.958732 0.140161,-6.783217 -1.834405,-1.8249642 -4.800652,-1.8169641 -6.625457,0.0176 -1.824645,-1.8345641 -4.790892,-1.8425642 -6.625297,-0.0176 -1.8344041,1.824485 -1.8772842,4.765452 0.140161,6.783217 2.251845,2.251686 5.854574,5.856015 6.485136,6.486896 l 0,0 z"></path></svg></div></div></div><div class="product-tile__product-visuals"><a href="https://www.goodeggs.com/sfbay/nordicnaturals/wild-berries-vitamin-d3-gummies/5fa9fd7f062445000eb2b582" class="js-product-tile__product-photo-wrapper js-product-photo-link js-product-link" data-alt="Wild Berries Vitamin D3 Gummies" data-src="https://goodeggs4.imgix.net/5c91b6a8-ceaf-4576-8949-1b2136b0956f.jpg?w=380&amp;h=238&amp;fm=jpg&amp;auto=compress&amp;fit=crop"><img class="product-tile__product-photo" alt="Wild Berries Vitamin D3 Gummies" src="./Health &amp; Home _ SF Bay _ Good Eggs_files/5c91b6a8-ceaf-4576-8949-1b2136b0956f.jpg"></a><div class="product-tile__product-photo-tinter"></div><div class="product-tile__quick-add"><div class="product-tile__quick-add-count is-transparent"><div class="product-tile__quick-add-quantity"><div class="product-tile__quantity-spinner product-tile__quantity-spinner__quantity js-quantity-indicator">1</div><div class="product-tile__quantity-spinner product-tile__quantity-spinner__previous-quantity js-quantity-indicator">1</div></div><div class="product-tile__quick-add-quantity-label"><div class="product-tile__quick-add-quantity-label-result">added</div><div class="product-tile__quick-add-quantity-label-summary">in your basket</div></div><div class="product-tile__quick-add-gift"><i class="icon icon-share-gift"></i></div><div class="product-tile__quick-add-gift-label"><div class="product-tile__quick-add-gift-summary">Gift in your basket</div></div></div><div class="product-tile__quick-add-buttons"><button class="btn product-tile__quick-add-button product-tile__quick-add-button-remove js-product-tile__quick-remove"><div class="product-tile__quick-add-minus"></div></button><button class="btn product-tile__quick-add-button product-tile__quick-add-button-add js-product-tile__quick-add"><div class="product-tile__quick-add-plus"></div></button></div></div></div><div class="product-tile__product-info"><div class="product-tile__product-name-and-details"><a class="js-producer-link" href="https://www.goodeggs.com/nordicnaturals"><div class="product-tile__producer-name">Nordic Naturals Inc.</div></a><a class="js-product-link" href="https://www.goodeggs.com/sfbay/nordicnaturals/wild-berries-vitamin-d3-gummies/5fa9fd7f062445000eb2b582"><h5 class="product-tile__product-name">Wild Berries Vitamin D3 Gummies</h5></a></div><div class="product-tile__price-info product-tile-collapsing-row clearfix"><div class="product-tile__purchase-price product-tile-collapsing-row__fixed-right"><div class="split-price"><span class="split-price__dollars">13</span><span class="split-price__cents">49</span></div></div><div class="product-tile__purchase-unit product-tile-collapsing-row__primary-info">60 count</div></div></div></div></div><div class="grid-item" data-product-id="5fa9ef330f2c17000e7ba3f3"><div class="product-tile product-tile--compact product-tile--market" data-id="5fa9ef330f2c17000e7ba3f3"><div class="product-tile__favorite not-favorited"><div><div class="product-tile__favorite-circle"><svg class="product-tile__favorite-heart" viewBox="8.9 7.8 18 16.633654"><path d="m 17.89989,23.433653 c 0.631042,-0.630881 4.233291,-4.23521 6.485296,-6.486896 2.017605,-2.017765 1.974565,-4.958732 0.140161,-6.783217 -1.834405,-1.8249642 -4.800652,-1.8169641 -6.625457,0.0176 -1.824645,-1.8345641 -4.790892,-1.8425642 -6.625297,-0.0176 -1.8344041,1.824485 -1.8772842,4.765452 0.140161,6.783217 2.251845,2.251686 5.854574,5.856015 6.485136,6.486896 l 0,0 z"></path></svg></div></div></div><div class="product-tile__product-visuals"><a href="https://www.goodeggs.com/sfbay/nordicnaturals/vitamin-d3-gummies-for-kids/5fa9ef330f2c17000e7ba3f3" class="js-product-tile__product-photo-wrapper js-product-photo-link js-product-link" data-alt="Vitamin D3 Gummies for Kids" data-src="https://goodeggs4.imgix.net/dbfcc6eb-1c44-4b79-b6c1-ada0ddccfb93.jpg?w=380&amp;h=238&amp;fm=jpg&amp;auto=compress&amp;fit=crop"><img class="product-tile__product-photo" alt="Vitamin D3 Gummies for Kids" src="./Health &amp; Home _ SF Bay _ Good Eggs_files/dbfcc6eb-1c44-4b79-b6c1-ada0ddccfb93.jpg"></a><div class="product-tile__product-photo-tinter"></div><div class="product-tile__quick-add"><div class="product-tile__quick-add-count is-transparent"><div class="product-tile__quick-add-quantity"><div class="product-tile__quantity-spinner product-tile__quantity-spinner__quantity js-quantity-indicator">1</div><div class="product-tile__quantity-spinner product-tile__quantity-spinner__previous-quantity js-quantity-indicator">1</div></div><div class="product-tile__quick-add-quantity-label"><div class="product-tile__quick-add-quantity-label-result">added</div><div class="product-tile__quick-add-quantity-label-summary">in your basket</div></div><div class="product-tile__quick-add-gift"><i class="icon icon-share-gift"></i></div><div class="product-tile__quick-add-gift-label"><div class="product-tile__quick-add-gift-summary">Gift in your basket</div></div></div><div class="product-tile__quick-add-buttons"><button class="btn product-tile__quick-add-button product-tile__quick-add-button-remove js-product-tile__quick-remove"><div class="product-tile__quick-add-minus"></div></button><button class="btn product-tile__quick-add-button product-tile__quick-add-button-add js-product-tile__quick-add"><div class="product-tile__quick-add-plus"></div></button></div></div></div><div class="product-tile__product-info"><div class="product-tile__product-name-and-details"><a class="js-producer-link" href="https://www.goodeggs.com/nordicnaturals"><div class="product-tile__producer-name">Nordic Naturals Inc.</div></a><a class="js-product-link" href="https://www.goodeggs.com/sfbay/nordicnaturals/vitamin-d3-gummies-for-kids/5fa9ef330f2c17000e7ba3f3"><h5 class="product-tile__product-name">Vitamin D3 Gummies for Kids</h5></a></div><div class="product-tile__price-info product-tile-collapsing-row clearfix"><div class="product-tile__purchase-price product-tile-collapsing-row__fixed-right"><div class="split-price"><span class="split-price__dollars">12</span><span class="split-price__cents">49</span></div></div><div class="product-tile__purchase-unit product-tile-collapsing-row__primary-info">60 count</div></div></div></div></div><div class="grid-item lazyloaded" data-product-id="5f9233142d71e9000e321f59"><div class="product-tile product-tile--compact product-tile--market" data-id="5f9233142d71e9000e321f59"><div class="product-tile__favorite not-favorited"><div><div class="product-tile__favorite-circle"><svg class="product-tile__favorite-heart" viewBox="8.9 7.8 18 16.633654"><path d="m 17.89989,23.433653 c 0.631042,-0.630881 4.233291,-4.23521 6.485296,-6.486896 2.017605,-2.017765 1.974565,-4.958732 0.140161,-6.783217 -1.834405,-1.8249642 -4.800652,-1.8169641 -6.625457,0.0176 -1.824645,-1.8345641 -4.790892,-1.8425642 -6.625297,-0.0176 -1.8344041,1.824485 -1.8772842,4.765452 0.140161,6.783217 2.251845,2.251686 5.854574,5.856015 6.485136,6.486896 l 0,0 z"></path></svg></div></div></div><div class="product-tile__product-visuals"><a href="https://www.goodeggs.com/sfbay/oraorganic/sol-food-vitamin-d-tablets/5f9233142d71e9000e321f59" class="js-product-tile__product-photo-wrapper js-product-photo-link js-product-link" data-alt="Sol Food - Vitamin D Tablets" data-src="https://goodeggs4.imgix.net/1158f7e9-ed4c-4d35-8e4c-eaefb04bf384.jpg?w=380&amp;h=238&amp;fm=jpg&amp;auto=compress&amp;fit=crop"><img class="product-tile__product-photo" alt="Sol Food - Vitamin D Tablets" src="./Health &amp; Home _ SF Bay _ Good Eggs_files/1158f7e9-ed4c-4d35-8e4c-eaefb04bf384.jpg"></a><div class="product-tile__product-photo-tinter"></div><div class="product-tile__quick-add"><div class="product-tile__quick-add-count is-transparent"><div class="product-tile__quick-add-quantity"><div class="product-tile__quantity-spinner product-tile__quantity-spinner__quantity js-quantity-indicator">1</div><div class="product-tile__quantity-spinner product-tile__quantity-spinner__previous-quantity js-quantity-indicator">1</div></div><div class="product-tile__quick-add-quantity-label"><div class="product-tile__quick-add-quantity-label-result">added</div><div class="product-tile__quick-add-quantity-label-summary">in your basket</div></div><div class="product-tile__quick-add-gift"><i class="icon icon-share-gift"></i></div><div class="product-tile__quick-add-gift-label"><div class="product-tile__quick-add-gift-summary">Gift in your basket</div></div></div><div class="product-tile__quick-add-buttons"><button class="btn product-tile__quick-add-button product-tile__quick-add-button-remove js-product-tile__quick-remove"><div class="product-tile__quick-add-minus"></div></button><button class="btn product-tile__quick-add-button product-tile__quick-add-button-add js-product-tile__quick-add"><div class="product-tile__quick-add-plus"></div></button></div></div></div><div class="product-tile__product-info"><div class="product-tile__product-name-and-details"><a class="js-producer-link" href="https://www.goodeggs.com/oraorganic"><div class="product-tile__producer-name">Ora Organic</div></a><a class="js-product-link" href="https://www.goodeggs.com/sfbay/oraorganic/sol-food-vitamin-d-tablets/5f9233142d71e9000e321f59"><h5 class="product-tile__product-name">Sol Food - Vitamin D Tablets</h5></a></div><div class="product-tile__price-info product-tile-collapsing-row clearfix"><div class="product-tile__purchase-price product-tile-collapsing-row__fixed-right"><div class="split-price"><span class="split-price__dollars">16</span><span class="split-price__cents">99</span></div></div><div class="product-tile__purchase-unit product-tile-collapsing-row__primary-info">30 count</div></div></div></div></div><div class="grid-item" data-product-id="5fa9f101062445000eb2b540"><div class="product-tile product-tile--compact product-tile--market" data-id="5fa9f101062445000eb2b540"><div class="product-tile__favorite not-favorited"><div><div class="product-tile__favorite-circle"><svg class="product-tile__favorite-heart" viewBox="8.9 7.8 18 16.633654"><path d="m 17.89989,23.433653 c 0.631042,-0.630881 4.233291,-4.23521 6.485296,-6.486896 2.017605,-2.017765 1.974565,-4.958732 0.140161,-6.783217 -1.834405,-1.8249642 -4.800652,-1.8169641 -6.625457,0.0176 -1.824645,-1.8345641 -4.790892,-1.8425642 -6.625297,-0.0176 -1.8344041,1.824485 -1.8772842,4.765452 0.140161,6.783217 2.251845,2.251686 5.854574,5.856015 6.485136,6.486896 l 0,0 z"></path></svg></div></div></div><div class="product-tile__product-visuals"><a href="https://www.goodeggs.com/sfbay/nordicnaturals/vitamin-c-gummies/5fa9f101062445000eb2b540" class="js-product-tile__product-photo-wrapper js-product-photo-link js-product-link" data-alt="Vitamin C Gummies" data-src="https://goodeggs4.imgix.net/c46679f5-bd1d-4a30-9cc1-bc96a57beaee.jpg?w=380&amp;h=238&amp;fm=jpg&amp;auto=compress&amp;fit=crop"><img class="product-tile__product-photo" alt="Vitamin C Gummies" src="./Health &amp; Home _ SF Bay _ Good Eggs_files/c46679f5-bd1d-4a30-9cc1-bc96a57beaee.jpg"></a><div class="product-tile__product-photo-tinter"></div><div class="product-tile__quick-add"><div class="product-tile__quick-add-count is-transparent"><div class="product-tile__quick-add-quantity"><div class="product-tile__quantity-spinner product-tile__quantity-spinner__quantity js-quantity-indicator">1</div><div class="product-tile__quantity-spinner product-tile__quantity-spinner__previous-quantity js-quantity-indicator">1</div></div><div class="product-tile__quick-add-quantity-label"><div class="product-tile__quick-add-quantity-label-result">added</div><div class="product-tile__quick-add-quantity-label-summary">in your basket</div></div><div class="product-tile__quick-add-gift"><i class="icon icon-share-gift"></i></div><div class="product-tile__quick-add-gift-label"><div class="product-tile__quick-add-gift-summary">Gift in your basket</div></div></div><div class="product-tile__quick-add-buttons"><button class="btn product-tile__quick-add-button product-tile__quick-add-button-remove js-product-tile__quick-remove"><div class="product-tile__quick-add-minus"></div></button><button class="btn product-tile__quick-add-button product-tile__quick-add-button-add js-product-tile__quick-add"><div class="product-tile__quick-add-plus"></div></button></div></div></div><div class="product-tile__product-info"><div class="product-tile__product-name-and-details"><a class="js-producer-link" href="https://www.goodeggs.com/nordicnaturals"><div class="product-tile__producer-name">Nordic Naturals Inc.</div></a><a class="js-product-link" href="https://www.goodeggs.com/sfbay/nordicnaturals/vitamin-c-gummies/5fa9f101062445000eb2b540"><h5 class="product-tile__product-name">Vitamin C Gummies</h5></a></div><div class="product-tile__price-info product-tile-collapsing-row clearfix"><div class="product-tile__purchase-price product-tile-collapsing-row__fixed-right"><div class="split-price"><span class="split-price__dollars">13</span><span class="split-price__cents">49</span></div></div><div class="product-tile__purchase-unit product-tile-collapsing-row__primary-info">60 count</div></div></div></div></div></div></div></div><div id="vitamins-probiotics" class="section-page"><div class="product-listings-view__section-anchor" id="health-home-vitamins-supplements-vitamins-probiotics"></div><h3 class="listings-section-header">Probiotics &amp; Digestion</h3><div class="page"><div class="grid-items"><div class="grid-item lazyloaded" data-product-id="6000d19a2957b0000ee13425"><div class="product-tile product-tile--compact product-tile--market" data-id="6000d19a2957b0000ee13425"><div class="product-tile__favorite not-favorited"><div><div class="product-tile__favorite-circle"><svg class="product-tile__favorite-heart" viewBox="8.9 7.8 18 16.633654"><path d="m 17.89989,23.433653 c 0.631042,-0.630881 4.233291,-4.23521 6.485296,-6.486896 2.017605,-2.017765 1.974565,-4.958732 0.140161,-6.783217 -1.834405,-1.8249642 -4.800652,-1.8169641 -6.625457,0.0176 -1.824645,-1.8345641 -4.790892,-1.8425642 -6.625297,-0.0176 -1.8344041,1.824485 -1.8772842,4.765452 0.140161,6.783217 2.251845,2.251686 5.854574,5.856015 6.485136,6.486896 l 0,0 z"></path></svg></div></div></div><div class="product-tile__product-visuals"><a href="https://www.goodeggs.com/sfbay/urbanmoonshine/organic-original-digestive-bitters-dropper/6000d19a2957b0000ee13425" class="js-product-tile__product-photo-wrapper js-product-photo-link js-product-link" data-alt="Organic Original Digestive Bitters Dropper" data-src="https://goodeggs4.imgix.net/5833a00f-48f8-4702-b57d-02b8561d3df4.jpg?w=380&amp;h=238&amp;fm=jpg&amp;auto=compress&amp;fit=crop"><img class="product-tile__product-photo" alt="Organic Original Digestive Bitters Dropper" src="./Health &amp; Home _ SF Bay _ Good Eggs_files/5833a00f-48f8-4702-b57d-02b8561d3df4.jpg"></a><div class="product-tile__product-photo-tinter"></div><div class="product-tile__quick-add"><div class="product-tile__quick-add-count is-transparent"><div class="product-tile__quick-add-quantity"><div class="product-tile__quantity-spinner product-tile__quantity-spinner__quantity js-quantity-indicator">1</div><div class="product-tile__quantity-spinner product-tile__quantity-spinner__previous-quantity js-quantity-indicator">1</div></div><div class="product-tile__quick-add-quantity-label"><div class="product-tile__quick-add-quantity-label-result">added</div><div class="product-tile__quick-add-quantity-label-summary">in your basket</div></div><div class="product-tile__quick-add-gift"><i class="icon icon-share-gift"></i></div><div class="product-tile__quick-add-gift-label"><div class="product-tile__quick-add-gift-summary">Gift in your basket</div></div></div><div class="product-tile__quick-add-buttons"><button class="btn product-tile__quick-add-button product-tile__quick-add-button-remove js-product-tile__quick-remove"><div class="product-tile__quick-add-minus"></div></button><button class="btn product-tile__quick-add-button product-tile__quick-add-button-add js-product-tile__quick-add"><div class="product-tile__quick-add-plus"></div></button></div></div></div><div class="product-tile__product-info"><div class="product-tile__product-name-and-details"><a class="js-producer-link" href="https://www.goodeggs.com/urbanmoonshine"><div class="product-tile__producer-name">Urban Moonshine</div></a><a class="js-product-link" href="https://www.goodeggs.com/sfbay/urbanmoonshine/organic-original-digestive-bitters-dropper/6000d19a2957b0000ee13425"><h5 class="product-tile__product-name">Organic Original Digestive Bitters Dropper</h5></a></div><div class="product-tile__price-info product-tile-collapsing-row clearfix"><div class="product-tile__purchase-price product-tile-collapsing-row__fixed-right"><div class="split-price"><span class="split-price__dollars">14</span><span class="split-price__cents">99</span></div></div><div class="product-tile__purchase-unit product-tile-collapsing-row__primary-info">2 oz</div></div></div></div></div><div class="grid-item lazyloaded" data-product-id="6000d3462957b0000ee13727"><div class="product-tile product-tile--compact product-tile--market" data-id="6000d3462957b0000ee13727"><div class="product-tile__favorite not-favorited"><div><div class="product-tile__favorite-circle"><svg class="product-tile__favorite-heart" viewBox="8.9 7.8 18 16.633654"><path d="m 17.89989,23.433653 c 0.631042,-0.630881 4.233291,-4.23521 6.485296,-6.486896 2.017605,-2.017765 1.974565,-4.958732 0.140161,-6.783217 -1.834405,-1.8249642 -4.800652,-1.8169641 -6.625457,0.0176 -1.824645,-1.8345641 -4.790892,-1.8425642 -6.625297,-0.0176 -1.8344041,1.824485 -1.8772842,4.765452 0.140161,6.783217 2.251845,2.251686 5.854574,5.856015 6.485136,6.486896 l 0,0 z"></path></svg></div></div></div><div class="product-tile__product-visuals"><a href="https://www.goodeggs.com/sfbay/urbanmoonshine/organic-citrus-digestive-bitters-dropper/6000d3462957b0000ee13727" class="js-product-tile__product-photo-wrapper js-product-photo-link js-product-link" data-alt="Organic Citrus Digestive Bitters Dropper" data-src="https://goodeggs4.imgix.net/9edbef12-b2b9-4ea3-a851-62f93afc84a6.jpg?w=380&amp;h=238&amp;fm=jpg&amp;auto=compress&amp;fit=crop"><img class="product-tile__product-photo" alt="Organic Citrus Digestive Bitters Dropper" src="./Health &amp; Home _ SF Bay _ Good Eggs_files/9edbef12-b2b9-4ea3-a851-62f93afc84a6.jpg"></a><div class="product-tile__product-photo-tinter"></div><div class="product-tile__quick-add"><div class="product-tile__quick-add-count is-transparent"><div class="product-tile__quick-add-quantity"><div class="product-tile__quantity-spinner product-tile__quantity-spinner__quantity js-quantity-indicator">1</div><div class="product-tile__quantity-spinner product-tile__quantity-spinner__previous-quantity js-quantity-indicator">1</div></div><div class="product-tile__quick-add-quantity-label"><div class="product-tile__quick-add-quantity-label-result">added</div><div class="product-tile__quick-add-quantity-label-summary">in your basket</div></div><div class="product-tile__quick-add-gift"><i class="icon icon-share-gift"></i></div><div class="product-tile__quick-add-gift-label"><div class="product-tile__quick-add-gift-summary">Gift in your basket</div></div></div><div class="product-tile__quick-add-buttons"><button class="btn product-tile__quick-add-button product-tile__quick-add-button-remove js-product-tile__quick-remove"><div class="product-tile__quick-add-minus"></div></button><button class="btn product-tile__quick-add-button product-tile__quick-add-button-add js-product-tile__quick-add"><div class="product-tile__quick-add-plus"></div></button></div></div></div><div class="product-tile__product-info"><div class="product-tile__product-name-and-details"><a class="js-producer-link" href="https://www.goodeggs.com/urbanmoonshine"><div class="product-tile__producer-name">Urban Moonshine</div></a><a class="js-product-link" href="https://www.goodeggs.com/sfbay/urbanmoonshine/organic-citrus-digestive-bitters-dropper/6000d3462957b0000ee13727"><h5 class="product-tile__product-name">Organic Citrus Digestive Bitters Dropper</h5></a></div><div class="product-tile__price-info product-tile-collapsing-row clearfix"><div class="product-tile__purchase-price product-tile-collapsing-row__fixed-right"><div class="split-price"><span class="split-price__dollars">14</span><span class="split-price__cents">99</span></div></div><div class="product-tile__purchase-unit product-tile-collapsing-row__primary-info">2 oz</div></div></div></div></div><div class="grid-item" data-product-id="5faa042e062445000eb2b595"><div class="product-tile product-tile--compact product-tile--market" data-id="5faa042e062445000eb2b595"><div class="product-tile__favorite not-favorited"><div><div class="product-tile__favorite-circle"><svg class="product-tile__favorite-heart" viewBox="8.9 7.8 18 16.633654"><path d="m 17.89989,23.433653 c 0.631042,-0.630881 4.233291,-4.23521 6.485296,-6.486896 2.017605,-2.017765 1.974565,-4.958732 0.140161,-6.783217 -1.834405,-1.8249642 -4.800652,-1.8169641 -6.625457,0.0176 -1.824645,-1.8345641 -4.790892,-1.8425642 -6.625297,-0.0176 -1.8344041,1.824485 -1.8772842,4.765452 0.140161,6.783217 2.251845,2.251686 5.854574,5.856015 6.485136,6.486896 l 0,0 z"></path></svg></div></div></div><div class="product-tile__product-visuals"><a href="https://www.goodeggs.com/sfbay/nordicnaturals/nordic-probiotic-gummies-for-kids/5faa042e062445000eb2b595" class="js-product-tile__product-photo-wrapper js-product-photo-link js-product-link" data-alt="Nordic Probiotic Gummies for Kids" data-src="https://goodeggs4.imgix.net/0d248028-a357-492c-a594-9ee80bfbbc97.jpg?w=380&amp;h=238&amp;fm=jpg&amp;auto=compress&amp;fit=crop"><img class="product-tile__product-photo" alt="Nordic Probiotic Gummies for Kids" src="./Health &amp; Home _ SF Bay _ Good Eggs_files/0d248028-a357-492c-a594-9ee80bfbbc97.jpg"></a><div class="product-tile__product-photo-tinter"></div><div class="product-tile__quick-add"><div class="product-tile__quick-add-count is-transparent"><div class="product-tile__quick-add-quantity"><div class="product-tile__quantity-spinner product-tile__quantity-spinner__quantity js-quantity-indicator">1</div><div class="product-tile__quantity-spinner product-tile__quantity-spinner__previous-quantity js-quantity-indicator">1</div></div><div class="product-tile__quick-add-quantity-label"><div class="product-tile__quick-add-quantity-label-result">added</div><div class="product-tile__quick-add-quantity-label-summary">in your basket</div></div><div class="product-tile__quick-add-gift"><i class="icon icon-share-gift"></i></div><div class="product-tile__quick-add-gift-label"><div class="product-tile__quick-add-gift-summary">Gift in your basket</div></div></div><div class="product-tile__quick-add-buttons"><button class="btn product-tile__quick-add-button product-tile__quick-add-button-remove js-product-tile__quick-remove"><div class="product-tile__quick-add-minus"></div></button><button class="btn product-tile__quick-add-button product-tile__quick-add-button-add js-product-tile__quick-add"><div class="product-tile__quick-add-plus"></div></button></div></div></div><div class="product-tile__product-info"><div class="product-tile__product-name-and-details"><a class="js-producer-link" href="https://www.goodeggs.com/nordicnaturals"><div class="product-tile__producer-name">Nordic Naturals Inc.</div></a><a class="js-product-link" href="https://www.goodeggs.com/sfbay/nordicnaturals/nordic-probiotic-gummies-for-kids/5faa042e062445000eb2b595"><h5 class="product-tile__product-name">Nordic Probiotic Gummies for Kids</h5></a></div><div class="product-tile__price-info product-tile-collapsing-row clearfix"><div class="product-tile__purchase-price product-tile-collapsing-row__fixed-right"><div class="split-price"><span class="split-price__dollars">19</span><span class="split-price__cents">99</span></div></div><div class="product-tile__purchase-unit product-tile-collapsing-row__primary-info">60 count</div></div></div></div></div><div class="grid-item lazyloaded" data-product-id="5f9232737291af000e89648f"><div class="product-tile product-tile--compact product-tile--market" data-id="5f9232737291af000e89648f"><div class="product-tile__favorite not-favorited"><div><div class="product-tile__favorite-circle"><svg class="product-tile__favorite-heart" viewBox="8.9 7.8 18 16.633654"><path d="m 17.89989,23.433653 c 0.631042,-0.630881 4.233291,-4.23521 6.485296,-6.486896 2.017605,-2.017765 1.974565,-4.958732 0.140161,-6.783217 -1.834405,-1.8249642 -4.800652,-1.8169641 -6.625457,0.0176 -1.824645,-1.8345641 -4.790892,-1.8425642 -6.625297,-0.0176 -1.8344041,1.824485 -1.8772842,4.765452 0.140161,6.783217 2.251845,2.251686 5.854574,5.856015 6.485136,6.486896 l 0,0 z"></path></svg></div></div></div><div class="product-tile__product-visuals"><a href="https://www.goodeggs.com/sfbay/oraorganic/organic-probiotics-with-prebiotic-powder-apple-raspberry/5f9232737291af000e89648f" class="js-product-tile__product-photo-wrapper js-product-photo-link js-product-link" data-alt="Organic Probiotics with Prebiotic Powder Apple Raspberry" data-src="https://goodeggs4.imgix.net/ffdc1202-3796-42c4-8eac-5144b3394646.jpg?w=380&amp;h=238&amp;fm=jpg&amp;auto=compress&amp;fit=crop"><img class="product-tile__product-photo" alt="Organic Probiotics with Prebiotic Powder Apple Raspberry" src="./Health &amp; Home _ SF Bay _ Good Eggs_files/ffdc1202-3796-42c4-8eac-5144b3394646.jpg"></a><div class="product-tile__product-photo-tinter"></div><div class="product-tile__quick-add"><div class="product-tile__quick-add-count is-transparent"><div class="product-tile__quick-add-quantity"><div class="product-tile__quantity-spinner product-tile__quantity-spinner__quantity js-quantity-indicator">1</div><div class="product-tile__quantity-spinner product-tile__quantity-spinner__previous-quantity js-quantity-indicator">1</div></div><div class="product-tile__quick-add-quantity-label"><div class="product-tile__quick-add-quantity-label-result">added</div><div class="product-tile__quick-add-quantity-label-summary">in your basket</div></div><div class="product-tile__quick-add-gift"><i class="icon icon-share-gift"></i></div><div class="product-tile__quick-add-gift-label"><div class="product-tile__quick-add-gift-summary">Gift in your basket</div></div></div><div class="product-tile__quick-add-buttons"><button class="btn product-tile__quick-add-button product-tile__quick-add-button-remove js-product-tile__quick-remove"><div class="product-tile__quick-add-minus"></div></button><button class="btn product-tile__quick-add-button product-tile__quick-add-button-add js-product-tile__quick-add"><div class="product-tile__quick-add-plus"></div></button></div></div></div><div class="product-tile__product-info"><div class="product-tile__product-name-and-details"><a class="js-producer-link" href="https://www.goodeggs.com/oraorganic"><div class="product-tile__producer-name">Ora Organic</div></a><a class="js-product-link" href="https://www.goodeggs.com/sfbay/oraorganic/organic-probiotics-with-prebiotic-powder-apple-raspberry/5f9232737291af000e89648f"><h5 class="product-tile__product-name">Organic Probiotics with Prebiotic Powder Apple Raspberry</h5></a></div><div class="product-tile__price-info product-tile-collapsing-row clearfix"><div class="product-tile__purchase-price product-tile-collapsing-row__fixed-right"><div class="split-price"><span class="split-price__dollars">34</span><span class="split-price__cents">99</span></div></div><div class="product-tile__purchase-unit product-tile-collapsing-row__primary-info">7.9 oz</div></div></div></div></div><div class="grid-item lazyloaded" data-product-id="5f92300f7291af000e896460"><div class="product-tile product-tile--compact product-tile--market" data-id="5f92300f7291af000e896460"><div class="product-tile__favorite not-favorited"><div><div class="product-tile__favorite-circle"><svg class="product-tile__favorite-heart" viewBox="8.9 7.8 18 16.633654"><path d="m 17.89989,23.433653 c 0.631042,-0.630881 4.233291,-4.23521 6.485296,-6.486896 2.017605,-2.017765 1.974565,-4.958732 0.140161,-6.783217 -1.834405,-1.8249642 -4.800652,-1.8169641 -6.625457,0.0176 -1.824645,-1.8345641 -4.790892,-1.8425642 -6.625297,-0.0176 -1.8344041,1.824485 -1.8772842,4.765452 0.140161,6.783217 2.251845,2.251686 5.854574,5.856015 6.485136,6.486896 l 0,0 z"></path></svg></div></div></div><div class="product-tile__product-visuals"><a href="https://www.goodeggs.com/sfbay/oraorganic/plant-based-digestive-enzymes-powder/5f92300f7291af000e896460" class="js-product-tile__product-photo-wrapper js-product-photo-link js-product-link" data-alt="Plant Based Digestive Enzymes Powder" data-src="https://goodeggs4.imgix.net/7e9cc082-f164-4925-a27a-7bd9ecab8361.jpg?w=380&amp;h=238&amp;fm=jpg&amp;auto=compress&amp;fit=crop"><img class="product-tile__product-photo" alt="Plant Based Digestive Enzymes Powder" src="./Health &amp; Home _ SF Bay _ Good Eggs_files/7e9cc082-f164-4925-a27a-7bd9ecab8361.jpg"></a><div class="product-tile__product-photo-tinter"></div><div class="product-tile__quick-add"><div class="product-tile__quick-add-count is-transparent"><div class="product-tile__quick-add-quantity"><div class="product-tile__quantity-spinner product-tile__quantity-spinner__quantity js-quantity-indicator">1</div><div class="product-tile__quantity-spinner product-tile__quantity-spinner__previous-quantity js-quantity-indicator">1</div></div><div class="product-tile__quick-add-quantity-label"><div class="product-tile__quick-add-quantity-label-result">added</div><div class="product-tile__quick-add-quantity-label-summary">in your basket</div></div><div class="product-tile__quick-add-gift"><i class="icon icon-share-gift"></i></div><div class="product-tile__quick-add-gift-label"><div class="product-tile__quick-add-gift-summary">Gift in your basket</div></div></div><div class="product-tile__quick-add-buttons"><button class="btn product-tile__quick-add-button product-tile__quick-add-button-remove js-product-tile__quick-remove"><div class="product-tile__quick-add-minus"></div></button><button class="btn product-tile__quick-add-button product-tile__quick-add-button-add js-product-tile__quick-add"><div class="product-tile__quick-add-plus"></div></button></div></div></div><div class="product-tile__product-info"><div class="product-tile__product-name-and-details"><a class="js-producer-link" href="https://www.goodeggs.com/oraorganic"><div class="product-tile__producer-name">Ora Organic</div></a><a class="js-product-link" href="https://www.goodeggs.com/sfbay/oraorganic/plant-based-digestive-enzymes-powder/5f92300f7291af000e896460"><h5 class="product-tile__product-name">Plant Based Digestive Enzymes Powder</h5></a></div><div class="product-tile__price-info product-tile-collapsing-row clearfix"><div class="product-tile__purchase-price product-tile-collapsing-row__fixed-right"><div class="split-price"><span class="split-price__dollars">34</span><span class="split-price__cents">99</span></div></div><div class="product-tile__comparison-price product-tile-collapsing-row__secondary-info"><span class="price-per">$4.72 </span>/ <span class="per-unit">oz</span></div><div class="product-tile__purchase-unit product-tile-collapsing-row__primary-info">7.41 oz</div></div></div></div></div><div class="grid-item lazyloaded" data-product-id="5f922f2c2d71e9000e321f00"><div class="product-tile product-tile--compact product-tile--market" data-id="5f922f2c2d71e9000e321f00"><div class="product-tile__favorite not-favorited"><div><div class="product-tile__favorite-circle"><svg class="product-tile__favorite-heart" viewBox="8.9 7.8 18 16.633654"><path d="m 17.89989,23.433653 c 0.631042,-0.630881 4.233291,-4.23521 6.485296,-6.486896 2.017605,-2.017765 1.974565,-4.958732 0.140161,-6.783217 -1.834405,-1.8249642 -4.800652,-1.8169641 -6.625457,0.0176 -1.824645,-1.8345641 -4.790892,-1.8425642 -6.625297,-0.0176 -1.8344041,1.824485 -1.8772842,4.765452 0.140161,6.783217 2.251845,2.251686 5.854574,5.856015 6.485136,6.486896 l 0,0 z"></path></svg></div></div></div><div class="product-tile__product-visuals"><a href="https://www.goodeggs.com/sfbay/oraorganic/vegan-probiotics-with-prebiotics-capsules/5f922f2c2d71e9000e321f00" class="js-product-tile__product-photo-wrapper js-product-photo-link js-product-link" data-alt="Vegan Probiotics with Prebiotics Capsules" data-src="https://goodeggs4.imgix.net/94777345-f7ba-4fea-8fb0-32b37842f0b2.jpg?w=380&amp;h=238&amp;fm=jpg&amp;auto=compress&amp;fit=crop"><img class="product-tile__product-photo" alt="Vegan Probiotics with Prebiotics Capsules" src="./Health &amp; Home _ SF Bay _ Good Eggs_files/94777345-f7ba-4fea-8fb0-32b37842f0b2.jpg"></a><div class="product-tile__product-photo-tinter"></div><div class="product-tile__quick-add"><div class="product-tile__quick-add-count is-transparent"><div class="product-tile__quick-add-quantity"><div class="product-tile__quantity-spinner product-tile__quantity-spinner__quantity js-quantity-indicator">1</div><div class="product-tile__quantity-spinner product-tile__quantity-spinner__previous-quantity js-quantity-indicator">1</div></div><div class="product-tile__quick-add-quantity-label"><div class="product-tile__quick-add-quantity-label-result">added</div><div class="product-tile__quick-add-quantity-label-summary">in your basket</div></div><div class="product-tile__quick-add-gift"><i class="icon icon-share-gift"></i></div><div class="product-tile__quick-add-gift-label"><div class="product-tile__quick-add-gift-summary">Gift in your basket</div></div></div><div class="product-tile__quick-add-buttons"><button class="btn product-tile__quick-add-button product-tile__quick-add-button-remove js-product-tile__quick-remove"><div class="product-tile__quick-add-minus"></div></button><button class="btn product-tile__quick-add-button product-tile__quick-add-button-add js-product-tile__quick-add"><div class="product-tile__quick-add-plus"></div></button></div></div></div><div class="product-tile__product-info"><div class="product-tile__product-name-and-details"><a class="js-producer-link" href="https://www.goodeggs.com/oraorganic"><div class="product-tile__producer-name">Ora Organic</div></a><a class="js-product-link" href="https://www.goodeggs.com/sfbay/oraorganic/vegan-probiotics-with-prebiotics-capsules/5f922f2c2d71e9000e321f00"><h5 class="product-tile__product-name">Vegan Probiotics with Prebiotics Capsules</h5></a></div><div class="product-tile__price-info product-tile-collapsing-row clearfix"><div class="product-tile__purchase-price product-tile-collapsing-row__fixed-right"><div class="split-price"><span class="split-price__dollars">34</span><span class="split-price__cents">99</span></div></div><div class="product-tile__comparison-price product-tile-collapsing-row__secondary-info"><span class="price-per">$1.16 </span>/ <span class="per-unit">serving</span></div><div class="product-tile__purchase-unit product-tile-collapsing-row__primary-info">60 count</div></div></div></div></div><div class="grid-item" data-product-id="5f88cc4ecc2063000e68e60d"><div class="product-tile product-tile--compact product-tile--market" data-id="5f88cc4ecc2063000e68e60d"><div class="product-tile__favorite not-favorited"><div><div class="product-tile__favorite-circle"><svg class="product-tile__favorite-heart" viewBox="8.9 7.8 18 16.633654"><path d="m 17.89989,23.433653 c 0.631042,-0.630881 4.233291,-4.23521 6.485296,-6.486896 2.017605,-2.017765 1.974565,-4.958732 0.140161,-6.783217 -1.834405,-1.8249642 -4.800652,-1.8169641 -6.625457,0.0176 -1.824645,-1.8345641 -4.790892,-1.8425642 -6.625297,-0.0176 -1.8344041,1.824485 -1.8772842,4.765452 0.140161,6.783217 2.251845,2.251686 5.854574,5.856015 6.485136,6.486896 l 0,0 z"></path></svg></div></div></div><div class="product-tile__product-visuals"><a href="https://www.goodeggs.com/sfbay/wedderspoonsfbay/manuka-honey-berry-immunity-gummies/5f88cc4ecc2063000e68e60d" class="js-product-tile__product-photo-wrapper js-product-photo-link js-product-link" data-alt="Manuka Honey Berry Immunity Gummies" data-src="https://goodeggs4.imgix.net/3b1e98ff-52dd-4181-b209-87d9dc62ec92.jpg?w=380&amp;h=238&amp;fm=jpg&amp;auto=compress&amp;fit=crop"><img class="product-tile__product-photo" alt="Manuka Honey Berry Immunity Gummies" src="./Health &amp; Home _ SF Bay _ Good Eggs_files/3b1e98ff-52dd-4181-b209-87d9dc62ec92.jpg"></a><div class="product-tile__product-photo-tinter"></div><div class="product-tile__quick-add"><div class="product-tile__quick-add-count is-transparent"><div class="product-tile__quick-add-quantity"><div class="product-tile__quantity-spinner product-tile__quantity-spinner__quantity js-quantity-indicator">1</div><div class="product-tile__quantity-spinner product-tile__quantity-spinner__previous-quantity js-quantity-indicator">1</div></div><div class="product-tile__quick-add-quantity-label"><div class="product-tile__quick-add-quantity-label-result">added</div><div class="product-tile__quick-add-quantity-label-summary">in your basket</div></div><div class="product-tile__quick-add-gift"><i class="icon icon-share-gift"></i></div><div class="product-tile__quick-add-gift-label"><div class="product-tile__quick-add-gift-summary">Gift in your basket</div></div></div><div class="product-tile__quick-add-buttons"><button class="btn product-tile__quick-add-button product-tile__quick-add-button-remove js-product-tile__quick-remove"><div class="product-tile__quick-add-minus"></div></button><button class="btn product-tile__quick-add-button product-tile__quick-add-button-add js-product-tile__quick-add"><div class="product-tile__quick-add-plus"></div></button></div></div></div><div class="product-tile__product-info"><div class="product-tile__product-name-and-details"><a class="js-producer-link" href="https://www.goodeggs.com/wedderspoonsfbay"><div class="product-tile__producer-name">Wedderspoon</div></a><a class="js-product-link" href="https://www.goodeggs.com/sfbay/wedderspoonsfbay/manuka-honey-berry-immunity-gummies/5f88cc4ecc2063000e68e60d"><h5 class="product-tile__product-name">Manuka Honey Berry Immunity Gummies</h5></a></div><div class="product-tile__price-info product-tile-collapsing-row clearfix"><div class="product-tile__purchase-price product-tile-collapsing-row__fixed-right"><div class="split-price"><span class="split-price__dollars">19</span><span class="split-price__cents">99</span></div></div><div class="product-tile__comparison-price product-tile-collapsing-row__secondary-info"><span class="price-per">$2.27 </span>/ <span class="per-unit">oz</span></div><div class="product-tile__purchase-unit product-tile-collapsing-row__primary-info">90 count</div></div></div></div></div></div></div></div><div id="vitamins-homeopathy" class="section-page"><div class="product-listings-view__section-anchor" id="health-home-vitamins-supplements-vitamins-homeopathy"></div><h3 class="listings-section-header">Herbs &amp; Homeopathy</h3><div class="page"><div class="grid-items"><div class="grid-item lazyloaded" data-product-id="5f92317c7291af000e89647c"><div class="product-tile product-tile--compact product-tile--market" data-id="5f92317c7291af000e89647c"><div class="product-tile__favorite not-favorited"><div><div class="product-tile__favorite-circle"><svg class="product-tile__favorite-heart" viewBox="8.9 7.8 18 16.633654"><path d="m 17.89989,23.433653 c 0.631042,-0.630881 4.233291,-4.23521 6.485296,-6.486896 2.017605,-2.017765 1.974565,-4.958732 0.140161,-6.783217 -1.834405,-1.8249642 -4.800652,-1.8169641 -6.625457,0.0176 -1.824645,-1.8345641 -4.790892,-1.8425642 -6.625297,-0.0176 -1.8344041,1.824485 -1.8772842,4.765452 0.140161,6.783217 2.251845,2.251686 5.854574,5.856015 6.485136,6.486896 l 0,0 z"></path></svg></div></div></div><div class="product-tile__product-visuals"><a href="https://www.goodeggs.com/sfbay/oraorganic/turmeric-curcumin-tablets/5f92317c7291af000e89647c" class="js-product-tile__product-photo-wrapper js-product-photo-link js-product-link" data-alt="Turmeric Curcumin Tablets" data-src="https://goodeggs4.imgix.net/1d3d3ae7-1ce5-49b5-8c86-3dc8c8234a54.jpg?w=380&amp;h=238&amp;fm=jpg&amp;auto=compress&amp;fit=crop"><img class="product-tile__product-photo" alt="Turmeric Curcumin Tablets" src="./Health &amp; Home _ SF Bay _ Good Eggs_files/1d3d3ae7-1ce5-49b5-8c86-3dc8c8234a54.jpg"></a><div class="product-tile__product-photo-tinter"></div><div class="product-tile__quick-add"><div class="product-tile__quick-add-count is-transparent"><div class="product-tile__quick-add-quantity"><div class="product-tile__quantity-spinner product-tile__quantity-spinner__quantity js-quantity-indicator">1</div><div class="product-tile__quantity-spinner product-tile__quantity-spinner__previous-quantity js-quantity-indicator">1</div></div><div class="product-tile__quick-add-quantity-label"><div class="product-tile__quick-add-quantity-label-result">added</div><div class="product-tile__quick-add-quantity-label-summary">in your basket</div></div><div class="product-tile__quick-add-gift"><i class="icon icon-share-gift"></i></div><div class="product-tile__quick-add-gift-label"><div class="product-tile__quick-add-gift-summary">Gift in your basket</div></div></div><div class="product-tile__quick-add-buttons"><button class="btn product-tile__quick-add-button product-tile__quick-add-button-remove js-product-tile__quick-remove"><div class="product-tile__quick-add-minus"></div></button><button class="btn product-tile__quick-add-button product-tile__quick-add-button-add js-product-tile__quick-add"><div class="product-tile__quick-add-plus"></div></button></div></div></div><div class="product-tile__product-info"><div class="product-tile__product-name-and-details"><a class="js-producer-link" href="https://www.goodeggs.com/oraorganic"><div class="product-tile__producer-name">Ora Organic</div></a><a class="js-product-link" href="https://www.goodeggs.com/sfbay/oraorganic/turmeric-curcumin-tablets/5f92317c7291af000e89647c"><h5 class="product-tile__product-name">Turmeric Curcumin Tablets</h5></a></div><div class="product-tile__price-info product-tile-collapsing-row clearfix"><div class="product-tile__purchase-price product-tile-collapsing-row__fixed-right"><div class="split-price"><span class="split-price__dollars">22</span><span class="split-price__cents">99</span></div></div><div class="product-tile__purchase-unit product-tile-collapsing-row__primary-info">90 count</div></div></div></div></div><div class="grid-item lazyloaded" data-product-id="5f87470e466e7b000e204ceb"><div class="product-tile product-tile--compact product-tile--market" data-id="5f87470e466e7b000e204ceb"><div class="product-tile__favorite not-favorited"><div><div class="product-tile__favorite-circle"><svg class="product-tile__favorite-heart" viewBox="8.9 7.8 18 16.633654"><path d="m 17.89989,23.433653 c 0.631042,-0.630881 4.233291,-4.23521 6.485296,-6.486896 2.017605,-2.017765 1.974565,-4.958732 0.140161,-6.783217 -1.834405,-1.8249642 -4.800652,-1.8169641 -6.625457,0.0176 -1.824645,-1.8345641 -4.790892,-1.8425642 -6.625297,-0.0176 -1.8344041,1.824485 -1.8772842,4.765452 0.140161,6.783217 2.251845,2.251686 5.854574,5.856015 6.485136,6.486896 l 0,0 z"></path></svg></div></div></div><div class="product-tile__product-visuals"><a href="https://www.goodeggs.com/sfbay/organicindiasfbay/turmeric-herbal-supplement/5f87470e466e7b000e204ceb" class="js-product-tile__product-photo-wrapper js-product-photo-link js-product-link" data-alt="Turmeric Herbal Supplement" data-src="https://goodeggs4.imgix.net/869037f8-c3f0-4e3b-b4ed-1fa0a9b9c9e0.jpg?w=380&amp;h=238&amp;fm=jpg&amp;auto=compress&amp;fit=crop"><img class="product-tile__product-photo" alt="Turmeric Herbal Supplement" src="./Health &amp; Home _ SF Bay _ Good Eggs_files/869037f8-c3f0-4e3b-b4ed-1fa0a9b9c9e0.jpg"></a><div class="product-tile__product-photo-tinter"></div><div class="product-tile__quick-add"><div class="product-tile__quick-add-count is-transparent"><div class="product-tile__quick-add-quantity"><div class="product-tile__quantity-spinner product-tile__quantity-spinner__quantity js-quantity-indicator">1</div><div class="product-tile__quantity-spinner product-tile__quantity-spinner__previous-quantity js-quantity-indicator">1</div></div><div class="product-tile__quick-add-quantity-label"><div class="product-tile__quick-add-quantity-label-result">added</div><div class="product-tile__quick-add-quantity-label-summary">in your basket</div></div><div class="product-tile__quick-add-gift"><i class="icon icon-share-gift"></i></div><div class="product-tile__quick-add-gift-label"><div class="product-tile__quick-add-gift-summary">Gift in your basket</div></div></div><div class="product-tile__quick-add-buttons"><button class="btn product-tile__quick-add-button product-tile__quick-add-button-remove js-product-tile__quick-remove"><div class="product-tile__quick-add-minus"></div></button><button class="btn product-tile__quick-add-button product-tile__quick-add-button-add js-product-tile__quick-add"><div class="product-tile__quick-add-plus"></div></button></div></div></div><div class="product-tile__product-info"><div class="product-tile__product-name-and-details"><a class="js-producer-link" href="https://www.goodeggs.com/organicindiasfbay"><div class="product-tile__producer-name">Organic India</div></a><a class="js-product-link" href="https://www.goodeggs.com/sfbay/organicindiasfbay/turmeric-herbal-supplement/5f87470e466e7b000e204ceb"><h5 class="product-tile__product-name">Turmeric Herbal Supplement</h5></a></div><div class="product-tile__price-info product-tile-collapsing-row clearfix"><div class="product-tile__purchase-price product-tile-collapsing-row__fixed-right"><div class="split-price"><span class="split-price__dollars">27</span><span class="split-price__cents">99</span></div></div><div class="product-tile__purchase-unit product-tile-collapsing-row__primary-info">90 count</div></div></div></div></div><div class="grid-item lazyloaded" data-product-id="5f874354466e7b000e204ad9"><div class="product-tile product-tile--compact product-tile--market" data-id="5f874354466e7b000e204ad9"><div class="product-tile__favorite not-favorited"><div><div class="product-tile__favorite-circle"><svg class="product-tile__favorite-heart" viewBox="8.9 7.8 18 16.633654"><path d="m 17.89989,23.433653 c 0.631042,-0.630881 4.233291,-4.23521 6.485296,-6.486896 2.017605,-2.017765 1.974565,-4.958732 0.140161,-6.783217 -1.834405,-1.8249642 -4.800652,-1.8169641 -6.625457,0.0176 -1.824645,-1.8345641 -4.790892,-1.8425642 -6.625297,-0.0176 -1.8344041,1.824485 -1.8772842,4.765452 0.140161,6.783217 2.251845,2.251686 5.854574,5.856015 6.485136,6.486896 l 0,0 z"></path></svg></div></div></div><div class="product-tile__product-visuals"><a href="https://www.goodeggs.com/sfbay/organicindiasfbay/ashwagandha-herbal-supplement/5f874354466e7b000e204ad9" class="js-product-tile__product-photo-wrapper js-product-photo-link js-product-link" data-alt="Ashwagandha Herbal Supplement" data-src="https://goodeggs4.imgix.net/80d5295b-f26c-4091-b8e0-e3f45e9bde10.jpg?w=380&amp;h=238&amp;fm=jpg&amp;auto=compress&amp;fit=crop"><img class="product-tile__product-photo" alt="Ashwagandha Herbal Supplement" src="./Health &amp; Home _ SF Bay _ Good Eggs_files/80d5295b-f26c-4091-b8e0-e3f45e9bde10.jpg"></a><div class="product-tile__product-photo-tinter"></div><div class="product-tile__quick-add"><div class="product-tile__quick-add-count is-transparent"><div class="product-tile__quick-add-quantity"><div class="product-tile__quantity-spinner product-tile__quantity-spinner__quantity js-quantity-indicator">1</div><div class="product-tile__quantity-spinner product-tile__quantity-spinner__previous-quantity js-quantity-indicator">1</div></div><div class="product-tile__quick-add-quantity-label"><div class="product-tile__quick-add-quantity-label-result">added</div><div class="product-tile__quick-add-quantity-label-summary">in your basket</div></div><div class="product-tile__quick-add-gift"><i class="icon icon-share-gift"></i></div><div class="product-tile__quick-add-gift-label"><div class="product-tile__quick-add-gift-summary">Gift in your basket</div></div></div><div class="product-tile__quick-add-buttons"><button class="btn product-tile__quick-add-button product-tile__quick-add-button-remove js-product-tile__quick-remove"><div class="product-tile__quick-add-minus"></div></button><button class="btn product-tile__quick-add-button product-tile__quick-add-button-add js-product-tile__quick-add"><div class="product-tile__quick-add-plus"></div></button></div></div></div><div class="product-tile__product-info"><div class="product-tile__product-name-and-details"><a class="js-producer-link" href="https://www.goodeggs.com/organicindiasfbay"><div class="product-tile__producer-name">Organic India</div></a><a class="js-product-link" href="https://www.goodeggs.com/sfbay/organicindiasfbay/ashwagandha-herbal-supplement/5f874354466e7b000e204ad9"><h5 class="product-tile__product-name">Ashwagandha Herbal Supplement</h5></a></div><div class="product-tile__price-info product-tile-collapsing-row clearfix"><div class="product-tile__purchase-price product-tile-collapsing-row__fixed-right"><div class="split-price"><span class="split-price__dollars">22</span><span class="split-price__cents">99</span></div></div><div class="product-tile__purchase-unit product-tile-collapsing-row__primary-info">90 count</div></div></div></div></div><div class="grid-item lazyloaded" data-product-id="5f874697466e7b000e204c9d"><div class="product-tile product-tile--compact product-tile--market" data-id="5f874697466e7b000e204c9d"><div class="product-tile__favorite not-favorited"><div><div class="product-tile__favorite-circle"><svg class="product-tile__favorite-heart" viewBox="8.9 7.8 18 16.633654"><path d="m 17.89989,23.433653 c 0.631042,-0.630881 4.233291,-4.23521 6.485296,-6.486896 2.017605,-2.017765 1.974565,-4.958732 0.140161,-6.783217 -1.834405,-1.8249642 -4.800652,-1.8169641 -6.625457,0.0176 -1.824645,-1.8345641 -4.790892,-1.8425642 -6.625297,-0.0176 -1.8344041,1.824485 -1.8772842,4.765452 0.140161,6.783217 2.251845,2.251686 5.854574,5.856015 6.485136,6.486896 l 0,0 z"></path></svg></div></div></div><div class="product-tile__product-visuals"><a href="https://www.goodeggs.com/sfbay/organicindiasfbay/triphala-herbal-supplement/5f874697466e7b000e204c9d" class="js-product-tile__product-photo-wrapper js-product-photo-link js-product-link" data-alt="Triphala Herbal Supplement" data-src="https://goodeggs4.imgix.net/bddcec80-7c83-4d97-8180-167f254848f6.jpg?w=380&amp;h=238&amp;fm=jpg&amp;auto=compress&amp;fit=crop"><img class="product-tile__product-photo" alt="Triphala Herbal Supplement" src="./Health &amp; Home _ SF Bay _ Good Eggs_files/bddcec80-7c83-4d97-8180-167f254848f6.jpg"></a><div class="product-tile__product-photo-tinter"></div><div class="product-tile__quick-add"><div class="product-tile__quick-add-count is-transparent"><div class="product-tile__quick-add-quantity"><div class="product-tile__quantity-spinner product-tile__quantity-spinner__quantity js-quantity-indicator">1</div><div class="product-tile__quantity-spinner product-tile__quantity-spinner__previous-quantity js-quantity-indicator">1</div></div><div class="product-tile__quick-add-quantity-label"><div class="product-tile__quick-add-quantity-label-result">added</div><div class="product-tile__quick-add-quantity-label-summary">in your basket</div></div><div class="product-tile__quick-add-gift"><i class="icon icon-share-gift"></i></div><div class="product-tile__quick-add-gift-label"><div class="product-tile__quick-add-gift-summary">Gift in your basket</div></div></div><div class="product-tile__quick-add-buttons"><button class="btn product-tile__quick-add-button product-tile__quick-add-button-remove js-product-tile__quick-remove"><div class="product-tile__quick-add-minus"></div></button><button class="btn product-tile__quick-add-button product-tile__quick-add-button-add js-product-tile__quick-add"><div class="product-tile__quick-add-plus"></div></button></div></div></div><div class="product-tile__product-info"><div class="product-tile__product-name-and-details"><a class="js-producer-link" href="https://www.goodeggs.com/organicindiasfbay"><div class="product-tile__producer-name">Organic India</div></a><a class="js-product-link" href="https://www.goodeggs.com/sfbay/organicindiasfbay/triphala-herbal-supplement/5f874697466e7b000e204c9d"><h5 class="product-tile__product-name">Triphala Herbal Supplement</h5></a></div><div class="product-tile__price-info product-tile-collapsing-row clearfix"><div class="product-tile__purchase-price product-tile-collapsing-row__fixed-right"><div class="split-price"><span class="split-price__dollars">22</span><span class="split-price__cents">99</span></div></div><div class="product-tile__purchase-unit product-tile-collapsing-row__primary-info">90 count</div></div></div></div></div><div class="grid-item lazyloaded" data-product-id="5f87453bb0fb2b000ef98497"><div class="product-tile product-tile--compact product-tile--market" data-id="5f87453bb0fb2b000ef98497"><div class="product-tile__favorite not-favorited"><div><div class="product-tile__favorite-circle"><svg class="product-tile__favorite-heart" viewBox="8.9 7.8 18 16.633654"><path d="m 17.89989,23.433653 c 0.631042,-0.630881 4.233291,-4.23521 6.485296,-6.486896 2.017605,-2.017765 1.974565,-4.958732 0.140161,-6.783217 -1.834405,-1.8249642 -4.800652,-1.8169641 -6.625457,0.0176 -1.824645,-1.8345641 -4.790892,-1.8425642 -6.625297,-0.0176 -1.8344041,1.824485 -1.8772842,4.765452 0.140161,6.783217 2.251845,2.251686 5.854574,5.856015 6.485136,6.486896 l 0,0 z"></path></svg></div></div></div><div class="product-tile__product-visuals"><a href="https://www.goodeggs.com/sfbay/organicindiasfbay/cinnamon-herbal-supplement/5f87453bb0fb2b000ef98497" class="js-product-tile__product-photo-wrapper js-product-photo-link js-product-link" data-alt="Cinnamon Herbal Supplement" data-src="https://goodeggs4.imgix.net/c1ad5867-ec5c-4ba2-be15-4bea3cde61e9.jpg?w=380&amp;h=238&amp;fm=jpg&amp;auto=compress&amp;fit=crop"><img class="product-tile__product-photo" alt="Cinnamon Herbal Supplement" src="./Health &amp; Home _ SF Bay _ Good Eggs_files/c1ad5867-ec5c-4ba2-be15-4bea3cde61e9.jpg"></a><div class="product-tile__product-photo-tinter"></div><div class="product-tile__quick-add"><div class="product-tile__quick-add-count is-transparent"><div class="product-tile__quick-add-quantity"><div class="product-tile__quantity-spinner product-tile__quantity-spinner__quantity js-quantity-indicator">1</div><div class="product-tile__quantity-spinner product-tile__quantity-spinner__previous-quantity js-quantity-indicator">1</div></div><div class="product-tile__quick-add-quantity-label"><div class="product-tile__quick-add-quantity-label-result">added</div><div class="product-tile__quick-add-quantity-label-summary">in your basket</div></div><div class="product-tile__quick-add-gift"><i class="icon icon-share-gift"></i></div><div class="product-tile__quick-add-gift-label"><div class="product-tile__quick-add-gift-summary">Gift in your basket</div></div></div><div class="product-tile__quick-add-buttons"><button class="btn product-tile__quick-add-button product-tile__quick-add-button-remove js-product-tile__quick-remove"><div class="product-tile__quick-add-minus"></div></button><button class="btn product-tile__quick-add-button product-tile__quick-add-button-add js-product-tile__quick-add"><div class="product-tile__quick-add-plus"></div></button></div></div></div><div class="product-tile__product-info"><div class="product-tile__product-name-and-details"><a class="js-producer-link" href="https://www.goodeggs.com/organicindiasfbay"><div class="product-tile__producer-name">Organic India</div></a><a class="js-product-link" href="https://www.goodeggs.com/sfbay/organicindiasfbay/cinnamon-herbal-supplement/5f87453bb0fb2b000ef98497"><h5 class="product-tile__product-name">Cinnamon Herbal Supplement</h5></a></div><div class="product-tile__price-info product-tile-collapsing-row clearfix"><div class="product-tile__purchase-price product-tile-collapsing-row__fixed-right"><div class="split-price"><span class="split-price__dollars">22</span><span class="split-price__cents">99</span></div></div><div class="product-tile__purchase-unit product-tile-collapsing-row__primary-info">90 count</div></div></div></div></div><div class="grid-item lazyloaded" data-product-id="5f874608466e7b000e204c4e"><div class="product-tile product-tile--compact product-tile--market" data-id="5f874608466e7b000e204c4e"><div class="product-tile__favorite not-favorited"><div><div class="product-tile__favorite-circle"><svg class="product-tile__favorite-heart" viewBox="8.9 7.8 18 16.633654"><path d="m 17.89989,23.433653 c 0.631042,-0.630881 4.233291,-4.23521 6.485296,-6.486896 2.017605,-2.017765 1.974565,-4.958732 0.140161,-6.783217 -1.834405,-1.8249642 -4.800652,-1.8169641 -6.625457,0.0176 -1.824645,-1.8345641 -4.790892,-1.8425642 -6.625297,-0.0176 -1.8344041,1.824485 -1.8772842,4.765452 0.140161,6.783217 2.251845,2.251686 5.854574,5.856015 6.485136,6.486896 l 0,0 z"></path></svg></div></div></div><div class="product-tile__product-visuals"><a href="https://www.goodeggs.com/sfbay/organicindiasfbay/liver-kidney-herbal-supplement/5f874608466e7b000e204c4e" class="js-product-tile__product-photo-wrapper js-product-photo-link js-product-link" data-alt="Liver Kidney Herbal Supplement" data-src="https://goodeggs4.imgix.net/ed23bf4d-e990-4057-9f0a-29f9550fc577.jpg?w=380&amp;h=238&amp;fm=jpg&amp;auto=compress&amp;fit=crop"><img class="product-tile__product-photo" alt="Liver Kidney Herbal Supplement" src="./Health &amp; Home _ SF Bay _ Good Eggs_files/ed23bf4d-e990-4057-9f0a-29f9550fc577.jpg"></a><div class="product-tile__product-photo-tinter"></div><div class="product-tile__quick-add"><div class="product-tile__quick-add-count is-transparent"><div class="product-tile__quick-add-quantity"><div class="product-tile__quantity-spinner product-tile__quantity-spinner__quantity js-quantity-indicator">1</div><div class="product-tile__quantity-spinner product-tile__quantity-spinner__previous-quantity js-quantity-indicator">1</div></div><div class="product-tile__quick-add-quantity-label"><div class="product-tile__quick-add-quantity-label-result">added</div><div class="product-tile__quick-add-quantity-label-summary">in your basket</div></div><div class="product-tile__quick-add-gift"><i class="icon icon-share-gift"></i></div><div class="product-tile__quick-add-gift-label"><div class="product-tile__quick-add-gift-summary">Gift in your basket</div></div></div><div class="product-tile__quick-add-buttons"><button class="btn product-tile__quick-add-button product-tile__quick-add-button-remove js-product-tile__quick-remove"><div class="product-tile__quick-add-minus"></div></button><button class="btn product-tile__quick-add-button product-tile__quick-add-button-add js-product-tile__quick-add"><div class="product-tile__quick-add-plus"></div></button></div></div></div><div class="product-tile__product-info"><div class="product-tile__product-name-and-details"><a class="js-producer-link" href="https://www.goodeggs.com/organicindiasfbay"><div class="product-tile__producer-name">Organic India</div></a><a class="js-product-link" href="https://www.goodeggs.com/sfbay/organicindiasfbay/liver-kidney-herbal-supplement/5f874608466e7b000e204c4e"><h5 class="product-tile__product-name">Liver Kidney Herbal Supplement</h5></a></div><div class="product-tile__price-info product-tile-collapsing-row clearfix"><div class="product-tile__purchase-price product-tile-collapsing-row__fixed-right"><div class="split-price"><span class="split-price__dollars">22</span><span class="split-price__cents">99</span></div></div><div class="product-tile__purchase-unit product-tile-collapsing-row__primary-info">90 count</div></div></div></div></div></div></div></div><div id="vitamins-natal" class="section-page"><div class="product-listings-view__section-anchor" id="health-home-vitamins-supplements-vitamins-natal"></div><h3 class="listings-section-header">Prenatal &amp; Postnatal</h3><div class="page"><div class="grid-items"><div class="grid-item lazyloaded" data-product-id="5fa9ede10f2c17000e7ba3da"><div class="product-tile product-tile--compact product-tile--market" data-id="5fa9ede10f2c17000e7ba3da"><div class="product-tile__favorite not-favorited"><div><div class="product-tile__favorite-circle"><svg class="product-tile__favorite-heart" viewBox="8.9 7.8 18 16.633654"><path d="m 17.89989,23.433653 c 0.631042,-0.630881 4.233291,-4.23521 6.485296,-6.486896 2.017605,-2.017765 1.974565,-4.958732 0.140161,-6.783217 -1.834405,-1.8249642 -4.800652,-1.8169641 -6.625457,0.0176 -1.824645,-1.8345641 -4.790892,-1.8425642 -6.625297,-0.0176 -1.8344041,1.824485 -1.8772842,4.765452 0.140161,6.783217 2.251845,2.251686 5.854574,5.856015 6.485136,6.486896 l 0,0 z"></path></svg></div></div></div><div class="product-tile__product-visuals"><a href="https://www.goodeggs.com/sfbay/nordicnaturals/prenatal-dha/5fa9ede10f2c17000e7ba3da" class="js-product-tile__product-photo-wrapper js-product-photo-link js-product-link" data-alt="Prenatal DHA" data-src="https://goodeggs4.imgix.net/c4433048-50c2-47e6-a280-248e1384f0f7.jpg?w=380&amp;h=238&amp;fm=jpg&amp;auto=compress&amp;fit=crop"><img class="product-tile__product-photo" alt="Prenatal DHA" src="./Health &amp; Home _ SF Bay _ Good Eggs_files/c4433048-50c2-47e6-a280-248e1384f0f7.jpg"></a><div class="product-tile__product-photo-tinter"></div><div class="product-tile__quick-add"><div class="product-tile__quick-add-count is-transparent"><div class="product-tile__quick-add-quantity"><div class="product-tile__quantity-spinner product-tile__quantity-spinner__quantity js-quantity-indicator">1</div><div class="product-tile__quantity-spinner product-tile__quantity-spinner__previous-quantity js-quantity-indicator">1</div></div><div class="product-tile__quick-add-quantity-label"><div class="product-tile__quick-add-quantity-label-result">added</div><div class="product-tile__quick-add-quantity-label-summary">in your basket</div></div><div class="product-tile__quick-add-gift"><i class="icon icon-share-gift"></i></div><div class="product-tile__quick-add-gift-label"><div class="product-tile__quick-add-gift-summary">Gift in your basket</div></div></div><div class="product-tile__quick-add-buttons"><button class="btn product-tile__quick-add-button product-tile__quick-add-button-remove js-product-tile__quick-remove"><div class="product-tile__quick-add-minus"></div></button><button class="btn product-tile__quick-add-button product-tile__quick-add-button-add js-product-tile__quick-add"><div class="product-tile__quick-add-plus"></div></button></div></div></div><div class="product-tile__product-info"><div class="product-tile__product-name-and-details"><a class="js-producer-link" href="https://www.goodeggs.com/nordicnaturals"><div class="product-tile__producer-name">Nordic Naturals Inc.</div></a><a class="js-product-link" href="https://www.goodeggs.com/sfbay/nordicnaturals/prenatal-dha/5fa9ede10f2c17000e7ba3da"><h5 class="product-tile__product-name">Prenatal DHA</h5></a></div><div class="product-tile__price-info product-tile-collapsing-row clearfix"><div class="product-tile__purchase-price product-tile-collapsing-row__fixed-right"><div class="split-price"><span class="split-price__dollars">28</span><span class="split-price__cents">99</span></div></div><div class="product-tile__purchase-unit product-tile-collapsing-row__primary-info">90 count</div></div></div></div></div></div></div></div><div id="vitamins-extracts" class="section-page"><div class="product-listings-view__section-anchor" id="health-home-vitamins-supplements-vitamins-extracts"></div><h3 class="listings-section-header">Tinctures &amp; Extracts</h3><div class="page"><div class="grid-items"><div class="grid-item" data-product-id="6000d19a2957b0000ee13425"><div class="product-tile product-tile--compact product-tile--market" data-id="6000d19a2957b0000ee13425"><div class="product-tile__favorite not-favorited"><div><div class="product-tile__favorite-circle"><svg class="product-tile__favorite-heart" viewBox="8.9 7.8 18 16.633654"><path d="m 17.89989,23.433653 c 0.631042,-0.630881 4.233291,-4.23521 6.485296,-6.486896 2.017605,-2.017765 1.974565,-4.958732 0.140161,-6.783217 -1.834405,-1.8249642 -4.800652,-1.8169641 -6.625457,0.0176 -1.824645,-1.8345641 -4.790892,-1.8425642 -6.625297,-0.0176 -1.8344041,1.824485 -1.8772842,4.765452 0.140161,6.783217 2.251845,2.251686 5.854574,5.856015 6.485136,6.486896 l 0,0 z"></path></svg></div></div></div><div class="product-tile__product-visuals"><a href="https://www.goodeggs.com/sfbay/urbanmoonshine/organic-original-digestive-bitters-dropper/6000d19a2957b0000ee13425" class="js-product-tile__product-photo-wrapper js-product-photo-link js-product-link" data-alt="Organic Original Digestive Bitters Dropper" data-src="https://goodeggs4.imgix.net/5833a00f-48f8-4702-b57d-02b8561d3df4.jpg?w=380&amp;h=238&amp;fm=jpg&amp;auto=compress&amp;fit=crop"><img class="product-tile__product-photo" alt="Organic Original Digestive Bitters Dropper" src="./Health &amp; Home _ SF Bay _ Good Eggs_files/5833a00f-48f8-4702-b57d-02b8561d3df4.jpg"></a><div class="product-tile__product-photo-tinter"></div><div class="product-tile__quick-add"><div class="product-tile__quick-add-count is-transparent"><div class="product-tile__quick-add-quantity"><div class="product-tile__quantity-spinner product-tile__quantity-spinner__quantity js-quantity-indicator">1</div><div class="product-tile__quantity-spinner product-tile__quantity-spinner__previous-quantity js-quantity-indicator">1</div></div><div class="product-tile__quick-add-quantity-label"><div class="product-tile__quick-add-quantity-label-result">added</div><div class="product-tile__quick-add-quantity-label-summary">in your basket</div></div><div class="product-tile__quick-add-gift"><i class="icon icon-share-gift"></i></div><div class="product-tile__quick-add-gift-label"><div class="product-tile__quick-add-gift-summary">Gift in your basket</div></div></div><div class="product-tile__quick-add-buttons"><button class="btn product-tile__quick-add-button product-tile__quick-add-button-remove js-product-tile__quick-remove"><div class="product-tile__quick-add-minus"></div></button><button class="btn product-tile__quick-add-button product-tile__quick-add-button-add js-product-tile__quick-add"><div class="product-tile__quick-add-plus"></div></button></div></div></div><div class="product-tile__product-info"><div class="product-tile__product-name-and-details"><a class="js-producer-link" href="https://www.goodeggs.com/urbanmoonshine"><div class="product-tile__producer-name">Urban Moonshine</div></a><a class="js-product-link" href="https://www.goodeggs.com/sfbay/urbanmoonshine/organic-original-digestive-bitters-dropper/6000d19a2957b0000ee13425"><h5 class="product-tile__product-name">Organic Original Digestive Bitters Dropper</h5></a></div><div class="product-tile__price-info product-tile-collapsing-row clearfix"><div class="product-tile__purchase-price product-tile-collapsing-row__fixed-right"><div class="split-price"><span class="split-price__dollars">14</span><span class="split-price__cents">99</span></div></div><div class="product-tile__purchase-unit product-tile-collapsing-row__primary-info">2 oz</div></div></div></div></div><div class="grid-item" data-product-id="6000d3462957b0000ee13727"><div class="product-tile product-tile--compact product-tile--market" data-id="6000d3462957b0000ee13727"><div class="product-tile__favorite not-favorited"><div><div class="product-tile__favorite-circle"><svg class="product-tile__favorite-heart" viewBox="8.9 7.8 18 16.633654"><path d="m 17.89989,23.433653 c 0.631042,-0.630881 4.233291,-4.23521 6.485296,-6.486896 2.017605,-2.017765 1.974565,-4.958732 0.140161,-6.783217 -1.834405,-1.8249642 -4.800652,-1.8169641 -6.625457,0.0176 -1.824645,-1.8345641 -4.790892,-1.8425642 -6.625297,-0.0176 -1.8344041,1.824485 -1.8772842,4.765452 0.140161,6.783217 2.251845,2.251686 5.854574,5.856015 6.485136,6.486896 l 0,0 z"></path></svg></div></div></div><div class="product-tile__product-visuals"><a href="https://www.goodeggs.com/sfbay/urbanmoonshine/organic-citrus-digestive-bitters-dropper/6000d3462957b0000ee13727" class="js-product-tile__product-photo-wrapper js-product-photo-link js-product-link" data-alt="Organic Citrus Digestive Bitters Dropper" data-src="https://goodeggs4.imgix.net/9edbef12-b2b9-4ea3-a851-62f93afc84a6.jpg?w=380&amp;h=238&amp;fm=jpg&amp;auto=compress&amp;fit=crop"><img class="product-tile__product-photo" alt="Organic Citrus Digestive Bitters Dropper" src="./Health &amp; Home _ SF Bay _ Good Eggs_files/9edbef12-b2b9-4ea3-a851-62f93afc84a6.jpg"></a><div class="product-tile__product-photo-tinter"></div><div class="product-tile__quick-add"><div class="product-tile__quick-add-count is-transparent"><div class="product-tile__quick-add-quantity"><div class="product-tile__quantity-spinner product-tile__quantity-spinner__quantity js-quantity-indicator">1</div><div class="product-tile__quantity-spinner product-tile__quantity-spinner__previous-quantity js-quantity-indicator">1</div></div><div class="product-tile__quick-add-quantity-label"><div class="product-tile__quick-add-quantity-label-result">added</div><div class="product-tile__quick-add-quantity-label-summary">in your basket</div></div><div class="product-tile__quick-add-gift"><i class="icon icon-share-gift"></i></div><div class="product-tile__quick-add-gift-label"><div class="product-tile__quick-add-gift-summary">Gift in your basket</div></div></div><div class="product-tile__quick-add-buttons"><button class="btn product-tile__quick-add-button product-tile__quick-add-button-remove js-product-tile__quick-remove"><div class="product-tile__quick-add-minus"></div></button><button class="btn product-tile__quick-add-button product-tile__quick-add-button-add js-product-tile__quick-add"><div class="product-tile__quick-add-plus"></div></button></div></div></div><div class="product-tile__product-info"><div class="product-tile__product-name-and-details"><a class="js-producer-link" href="https://www.goodeggs.com/urbanmoonshine"><div class="product-tile__producer-name">Urban Moonshine</div></a><a class="js-product-link" href="https://www.goodeggs.com/sfbay/urbanmoonshine/organic-citrus-digestive-bitters-dropper/6000d3462957b0000ee13727"><h5 class="product-tile__product-name">Organic Citrus Digestive Bitters Dropper</h5></a></div><div class="product-tile__price-info product-tile-collapsing-row clearfix"><div class="product-tile__purchase-price product-tile-collapsing-row__fixed-right"><div class="split-price"><span class="split-price__dollars">14</span><span class="split-price__cents">99</span></div></div><div class="product-tile__purchase-unit product-tile-collapsing-row__primary-info">2 oz</div></div></div></div></div><div class="grid-item lazyloaded" data-product-id="6001d216a5c39f000f1a0909"><div class="product-tile product-tile--compact product-tile--market" data-id="6001d216a5c39f000f1a0909"><div class="product-tile__favorite not-favorited"><div><div class="product-tile__favorite-circle"><svg class="product-tile__favorite-heart" viewBox="8.9 7.8 18 16.633654"><path d="m 17.89989,23.433653 c 0.631042,-0.630881 4.233291,-4.23521 6.485296,-6.486896 2.017605,-2.017765 1.974565,-4.958732 0.140161,-6.783217 -1.834405,-1.8249642 -4.800652,-1.8169641 -6.625457,0.0176 -1.824645,-1.8345641 -4.790892,-1.8425642 -6.625297,-0.0176 -1.8344041,1.824485 -1.8772842,4.765452 0.140161,6.783217 2.251845,2.251686 5.854574,5.856015 6.485136,6.486896 l 0,0 z"></path></svg></div></div></div><div class="product-tile__product-visuals"><a href="https://www.goodeggs.com/sfbay/urbanmoonshine/throat-spray/6001d216a5c39f000f1a0909" class="js-product-tile__product-photo-wrapper js-product-photo-link js-product-link" data-alt="Throat Spray" data-src="https://goodeggs4.imgix.net/42fbfa78-eb86-4c8e-9004-3e71c5392f90.jpg?w=380&amp;h=238&amp;fm=jpg&amp;auto=compress&amp;fit=crop"><img class="product-tile__product-photo" alt="Throat Spray" src="./Health &amp; Home _ SF Bay _ Good Eggs_files/42fbfa78-eb86-4c8e-9004-3e71c5392f90.jpg"></a><div class="product-tile__product-photo-tinter"></div><div class="product-tile__quick-add"><div class="product-tile__quick-add-count is-transparent"><div class="product-tile__quick-add-quantity"><div class="product-tile__quantity-spinner product-tile__quantity-spinner__quantity js-quantity-indicator">1</div><div class="product-tile__quantity-spinner product-tile__quantity-spinner__previous-quantity js-quantity-indicator">1</div></div><div class="product-tile__quick-add-quantity-label"><div class="product-tile__quick-add-quantity-label-result">added</div><div class="product-tile__quick-add-quantity-label-summary">in your basket</div></div><div class="product-tile__quick-add-gift"><i class="icon icon-share-gift"></i></div><div class="product-tile__quick-add-gift-label"><div class="product-tile__quick-add-gift-summary">Gift in your basket</div></div></div><div class="product-tile__quick-add-buttons"><button class="btn product-tile__quick-add-button product-tile__quick-add-button-remove js-product-tile__quick-remove"><div class="product-tile__quick-add-minus"></div></button><button class="btn product-tile__quick-add-button product-tile__quick-add-button-add js-product-tile__quick-add"><div class="product-tile__quick-add-plus"></div></button></div></div></div><div class="product-tile__product-info"><div class="product-tile__product-name-and-details"><a class="js-producer-link" href="https://www.goodeggs.com/urbanmoonshine"><div class="product-tile__producer-name">Urban Moonshine</div></a><a class="js-product-link" href="https://www.goodeggs.com/sfbay/urbanmoonshine/throat-spray/6001d216a5c39f000f1a0909"><h5 class="product-tile__product-name">Throat Spray</h5></a></div><div class="product-tile__price-info product-tile-collapsing-row clearfix"><div class="product-tile__purchase-price product-tile-collapsing-row__fixed-right"><div class="split-price"><span class="split-price__dollars">9</span><span class="split-price__cents">99</span></div></div><div class="product-tile__purchase-unit product-tile-collapsing-row__primary-info">1 oz</div></div></div></div></div><div class="grid-item lazyloaded" data-product-id="6001d059065ec9000e3ae37e"><div class="product-tile product-tile--compact product-tile--market" data-id="6001d059065ec9000e3ae37e"><div class="product-tile__favorite not-favorited"><div><div class="product-tile__favorite-circle"><svg class="product-tile__favorite-heart" viewBox="8.9 7.8 18 16.633654"><path d="m 17.89989,23.433653 c 0.631042,-0.630881 4.233291,-4.23521 6.485296,-6.486896 2.017605,-2.017765 1.974565,-4.958732 0.140161,-6.783217 -1.834405,-1.8249642 -4.800652,-1.8169641 -6.625457,0.0176 -1.824645,-1.8345641 -4.790892,-1.8425642 -6.625297,-0.0176 -1.8344041,1.824485 -1.8772842,4.765452 0.140161,6.783217 2.251845,2.251686 5.854574,5.856015 6.485136,6.486896 l 0,0 z"></path></svg></div></div></div><div class="product-tile__product-visuals"><a href="https://www.goodeggs.com/sfbay/urbanmoonshine/organic-clear-chest-syrup/6001d059065ec9000e3ae37e" class="js-product-tile__product-photo-wrapper js-product-photo-link js-product-link" data-alt="Organic Clear Chest Syrup" data-src="https://goodeggs4.imgix.net/9771fe8c-26da-49b5-b19a-c750324f6b3d.jpg?w=380&amp;h=238&amp;fm=jpg&amp;auto=compress&amp;fit=crop"><img class="product-tile__product-photo" alt="Organic Clear Chest Syrup" src="./Health &amp; Home _ SF Bay _ Good Eggs_files/9771fe8c-26da-49b5-b19a-c750324f6b3d.jpg"></a><div class="product-tile__product-photo-tinter"></div><div class="product-tile__quick-add"><div class="product-tile__quick-add-count is-transparent"><div class="product-tile__quick-add-quantity"><div class="product-tile__quantity-spinner product-tile__quantity-spinner__quantity js-quantity-indicator">1</div><div class="product-tile__quantity-spinner product-tile__quantity-spinner__previous-quantity js-quantity-indicator">1</div></div><div class="product-tile__quick-add-quantity-label"><div class="product-tile__quick-add-quantity-label-result">added</div><div class="product-tile__quick-add-quantity-label-summary">in your basket</div></div><div class="product-tile__quick-add-gift"><i class="icon icon-share-gift"></i></div><div class="product-tile__quick-add-gift-label"><div class="product-tile__quick-add-gift-summary">Gift in your basket</div></div></div><div class="product-tile__quick-add-buttons"><button class="btn product-tile__quick-add-button product-tile__quick-add-button-remove js-product-tile__quick-remove"><div class="product-tile__quick-add-minus"></div></button><button class="btn product-tile__quick-add-button product-tile__quick-add-button-add js-product-tile__quick-add"><div class="product-tile__quick-add-plus"></div></button></div></div></div><div class="product-tile__product-info"><div class="product-tile__product-name-and-details"><a class="js-producer-link" href="https://www.goodeggs.com/urbanmoonshine"><div class="product-tile__producer-name">Urban Moonshine</div></a><a class="js-product-link" href="https://www.goodeggs.com/sfbay/urbanmoonshine/organic-clear-chest-syrup/6001d059065ec9000e3ae37e"><h5 class="product-tile__product-name">Organic Clear Chest Syrup</h5></a></div><div class="product-tile__price-info product-tile-collapsing-row clearfix"><div class="product-tile__purchase-price product-tile-collapsing-row__fixed-right"><div class="split-price"><span class="split-price__dollars">20</span><span class="split-price__cents">99</span></div></div><div class="product-tile__comparison-price product-tile-collapsing-row__secondary-info"><span class="price-per">$2.49 </span>/ <span class="per-unit">oz</span></div><div class="product-tile__purchase-unit product-tile-collapsing-row__primary-info">8.4 oz</div></div></div></div></div><div class="grid-item lazyloaded" data-product-id="6001ce5ca5c39f000f1a08cd"><div class="product-tile product-tile--compact product-tile--market" data-id="6001ce5ca5c39f000f1a08cd"><div class="product-tile__favorite not-favorited"><div><div class="product-tile__favorite-circle"><svg class="product-tile__favorite-heart" viewBox="8.9 7.8 18 16.633654"><path d="m 17.89989,23.433653 c 0.631042,-0.630881 4.233291,-4.23521 6.485296,-6.486896 2.017605,-2.017765 1.974565,-4.958732 0.140161,-6.783217 -1.834405,-1.8249642 -4.800652,-1.8169641 -6.625457,0.0176 -1.824645,-1.8345641 -4.790892,-1.8425642 -6.625297,-0.0176 -1.8344041,1.824485 -1.8772842,4.765452 0.140161,6.783217 2.251845,2.251686 5.854574,5.856015 6.485136,6.486896 l 0,0 z"></path></svg></div></div></div><div class="product-tile__product-visuals"><a href="https://www.goodeggs.com/sfbay/urbanmoonshine/organic-immune-zoom/6001ce5ca5c39f000f1a08cd" class="js-product-tile__product-photo-wrapper js-product-photo-link js-product-link" data-alt="Organic Immune Zoom" data-src="https://goodeggs4.imgix.net/e3bda820-c472-4664-95ae-3875f3599cac.jpg?w=380&amp;h=238&amp;fm=jpg&amp;auto=compress&amp;fit=crop"><img class="product-tile__product-photo" alt="Organic Immune Zoom" src="./Health &amp; Home _ SF Bay _ Good Eggs_files/e3bda820-c472-4664-95ae-3875f3599cac.jpg"></a><div class="product-tile__product-photo-tinter"></div><div class="product-tile__quick-add"><div class="product-tile__quick-add-count is-transparent"><div class="product-tile__quick-add-quantity"><div class="product-tile__quantity-spinner product-tile__quantity-spinner__quantity js-quantity-indicator">1</div><div class="product-tile__quantity-spinner product-tile__quantity-spinner__previous-quantity js-quantity-indicator">1</div></div><div class="product-tile__quick-add-quantity-label"><div class="product-tile__quick-add-quantity-label-result">added</div><div class="product-tile__quick-add-quantity-label-summary">in your basket</div></div><div class="product-tile__quick-add-gift"><i class="icon icon-share-gift"></i></div><div class="product-tile__quick-add-gift-label"><div class="product-tile__quick-add-gift-summary">Gift in your basket</div></div></div><div class="product-tile__quick-add-buttons"><button class="btn product-tile__quick-add-button product-tile__quick-add-button-remove js-product-tile__quick-remove"><div class="product-tile__quick-add-minus"></div></button><button class="btn product-tile__quick-add-button product-tile__quick-add-button-add js-product-tile__quick-add"><div class="product-tile__quick-add-plus"></div></button></div></div></div><div class="product-tile__product-info"><div class="product-tile__product-name-and-details"><a class="js-producer-link" href="https://www.goodeggs.com/urbanmoonshine"><div class="product-tile__producer-name">Urban Moonshine</div></a><a class="js-product-link" href="https://www.goodeggs.com/sfbay/urbanmoonshine/organic-immune-zoom/6001ce5ca5c39f000f1a08cd"><h5 class="product-tile__product-name">Organic Immune Zoom</h5></a></div><div class="product-tile__price-info product-tile-collapsing-row clearfix"><div class="product-tile__purchase-price product-tile-collapsing-row__fixed-right"><div class="split-price"><span class="split-price__dollars">41</span><span class="split-price__cents">99</span></div></div><div class="product-tile__comparison-price product-tile-collapsing-row__secondary-info"><span class="price-per">$4.99 </span>/ <span class="per-unit">oz</span></div><div class="product-tile__purchase-unit product-tile-collapsing-row__primary-info">8.4 oz</div></div></div></div></div></div></div></div><div id="vitamins-immunity" class="section-page"><div class="product-listings-view__section-anchor" id="health-home-vitamins-supplements-vitamins-immunity"></div><h3 class="listings-section-header">Immunity</h3><div class="page"><div class="grid-items"><div class="grid-item" data-product-id="5f88ceb313cb21000e556ca4"><div class="product-tile product-tile--compact product-tile--market" data-id="5f88ceb313cb21000e556ca4"><div class="product-tile__favorite not-favorited"><div><div class="product-tile__favorite-circle"><svg class="product-tile__favorite-heart" viewBox="8.9 7.8 18 16.633654"><path d="m 17.89989,23.433653 c 0.631042,-0.630881 4.233291,-4.23521 6.485296,-6.486896 2.017605,-2.017765 1.974565,-4.958732 0.140161,-6.783217 -1.834405,-1.8249642 -4.800652,-1.8169641 -6.625457,0.0176 -1.824645,-1.8345641 -4.790892,-1.8425642 -6.625297,-0.0176 -1.8344041,1.824485 -1.8772842,4.765452 0.140161,6.783217 2.251845,2.251686 5.854574,5.856015 6.485136,6.486896 l 0,0 z"></path></svg></div></div></div><div class="product-tile__product-visuals"><a href="https://www.goodeggs.com/sfbay/wedderspoonsfbay/manuka-honey-citrus-immunity-gummies/5f88ceb313cb21000e556ca4" class="js-product-tile__product-photo-wrapper js-product-photo-link js-product-link" data-alt="Manuka Honey Citrus Immunity Gummies" data-src="https://goodeggs4.imgix.net/c4d94b88-1b0f-43ea-9d54-0623db412bbf.jpg?w=380&amp;h=238&amp;fm=jpg&amp;auto=compress&amp;fit=crop"><img class="product-tile__product-photo" alt="Manuka Honey Citrus Immunity Gummies" src="./Health &amp; Home _ SF Bay _ Good Eggs_files/c4d94b88-1b0f-43ea-9d54-0623db412bbf.jpg"></a><div class="product-tile__product-photo-tinter"></div><div class="product-tile__quick-add"><div class="product-tile__quick-add-count is-transparent"><div class="product-tile__quick-add-quantity"><div class="product-tile__quantity-spinner product-tile__quantity-spinner__quantity js-quantity-indicator">1</div><div class="product-tile__quantity-spinner product-tile__quantity-spinner__previous-quantity js-quantity-indicator">1</div></div><div class="product-tile__quick-add-quantity-label"><div class="product-tile__quick-add-quantity-label-result">added</div><div class="product-tile__quick-add-quantity-label-summary">in your basket</div></div><div class="product-tile__quick-add-gift"><i class="icon icon-share-gift"></i></div><div class="product-tile__quick-add-gift-label"><div class="product-tile__quick-add-gift-summary">Gift in your basket</div></div></div><div class="product-tile__quick-add-buttons"><button class="btn product-tile__quick-add-button product-tile__quick-add-button-remove js-product-tile__quick-remove"><div class="product-tile__quick-add-minus"></div></button><button class="btn product-tile__quick-add-button product-tile__quick-add-button-add js-product-tile__quick-add"><div class="product-tile__quick-add-plus"></div></button></div></div></div><div class="product-tile__product-info"><div class="product-tile__product-name-and-details"><a class="js-producer-link" href="https://www.goodeggs.com/wedderspoonsfbay"><div class="product-tile__producer-name">Wedderspoon</div></a><a class="js-product-link" href="https://www.goodeggs.com/sfbay/wedderspoonsfbay/manuka-honey-citrus-immunity-gummies/5f88ceb313cb21000e556ca4"><h5 class="product-tile__product-name">Manuka Honey Citrus Immunity Gummies</h5></a></div><div class="product-tile__price-info product-tile-collapsing-row clearfix"><div class="product-tile__purchase-price product-tile-collapsing-row__fixed-right"><div class="split-price"><span class="split-price__dollars">19</span><span class="split-price__cents">99</span></div></div><div class="product-tile__comparison-price product-tile-collapsing-row__secondary-info"><span class="price-per">$2.27 </span>/ <span class="per-unit">oz</span></div><div class="product-tile__purchase-unit product-tile-collapsing-row__primary-info">90 count</div></div></div></div></div><div class="grid-item" data-product-id="5f88cc4ecc2063000e68e60d"><div class="product-tile product-tile--compact product-tile--market" data-id="5f88cc4ecc2063000e68e60d"><div class="product-tile__favorite not-favorited"><div><div class="product-tile__favorite-circle"><svg class="product-tile__favorite-heart" viewBox="8.9 7.8 18 16.633654"><path d="m 17.89989,23.433653 c 0.631042,-0.630881 4.233291,-4.23521 6.485296,-6.486896 2.017605,-2.017765 1.974565,-4.958732 0.140161,-6.783217 -1.834405,-1.8249642 -4.800652,-1.8169641 -6.625457,0.0176 -1.824645,-1.8345641 -4.790892,-1.8425642 -6.625297,-0.0176 -1.8344041,1.824485 -1.8772842,4.765452 0.140161,6.783217 2.251845,2.251686 5.854574,5.856015 6.485136,6.486896 l 0,0 z"></path></svg></div></div></div><div class="product-tile__product-visuals"><a href="https://www.goodeggs.com/sfbay/wedderspoonsfbay/manuka-honey-berry-immunity-gummies/5f88cc4ecc2063000e68e60d" class="js-product-tile__product-photo-wrapper js-product-photo-link js-product-link" data-alt="Manuka Honey Berry Immunity Gummies" data-src="https://goodeggs4.imgix.net/3b1e98ff-52dd-4181-b209-87d9dc62ec92.jpg?w=380&amp;h=238&amp;fm=jpg&amp;auto=compress&amp;fit=crop"><img class="product-tile__product-photo" alt="Manuka Honey Berry Immunity Gummies" src="./Health &amp; Home _ SF Bay _ Good Eggs_files/3b1e98ff-52dd-4181-b209-87d9dc62ec92.jpg"></a><div class="product-tile__product-photo-tinter"></div><div class="product-tile__quick-add"><div class="product-tile__quick-add-count is-transparent"><div class="product-tile__quick-add-quantity"><div class="product-tile__quantity-spinner product-tile__quantity-spinner__quantity js-quantity-indicator">1</div><div class="product-tile__quantity-spinner product-tile__quantity-spinner__previous-quantity js-quantity-indicator">1</div></div><div class="product-tile__quick-add-quantity-label"><div class="product-tile__quick-add-quantity-label-result">added</div><div class="product-tile__quick-add-quantity-label-summary">in your basket</div></div><div class="product-tile__quick-add-gift"><i class="icon icon-share-gift"></i></div><div class="product-tile__quick-add-gift-label"><div class="product-tile__quick-add-gift-summary">Gift in your basket</div></div></div><div class="product-tile__quick-add-buttons"><button class="btn product-tile__quick-add-button product-tile__quick-add-button-remove js-product-tile__quick-remove"><div class="product-tile__quick-add-minus"></div></button><button class="btn product-tile__quick-add-button product-tile__quick-add-button-add js-product-tile__quick-add"><div class="product-tile__quick-add-plus"></div></button></div></div></div><div class="product-tile__product-info"><div class="product-tile__product-name-and-details"><a class="js-producer-link" href="https://www.goodeggs.com/wedderspoonsfbay"><div class="product-tile__producer-name">Wedderspoon</div></a><a class="js-product-link" href="https://www.goodeggs.com/sfbay/wedderspoonsfbay/manuka-honey-berry-immunity-gummies/5f88cc4ecc2063000e68e60d"><h5 class="product-tile__product-name">Manuka Honey Berry Immunity Gummies</h5></a></div><div class="product-tile__price-info product-tile-collapsing-row clearfix"><div class="product-tile__purchase-price product-tile-collapsing-row__fixed-right"><div class="split-price"><span class="split-price__dollars">19</span><span class="split-price__cents">99</span></div></div><div class="product-tile__comparison-price product-tile-collapsing-row__secondary-info"><span class="price-per">$2.27 </span>/ <span class="per-unit">oz</span></div><div class="product-tile__purchase-unit product-tile-collapsing-row__primary-info">90 count</div></div></div></div></div><div class="grid-item lazyloaded" data-product-id="5faa04fd062445000eb2b59e"><div class="product-tile product-tile--compact product-tile--market" data-id="5faa04fd062445000eb2b59e"><div class="product-tile__favorite not-favorited"><div><div class="product-tile__favorite-circle"><svg class="product-tile__favorite-heart" viewBox="8.9 7.8 18 16.633654"><path d="m 17.89989,23.433653 c 0.631042,-0.630881 4.233291,-4.23521 6.485296,-6.486896 2.017605,-2.017765 1.974565,-4.958732 0.140161,-6.783217 -1.834405,-1.8249642 -4.800652,-1.8169641 -6.625457,0.0176 -1.824645,-1.8345641 -4.790892,-1.8425642 -6.625297,-0.0176 -1.8344041,1.824485 -1.8772842,4.765452 0.140161,6.783217 2.251845,2.251686 5.854574,5.856015 6.485136,6.486896 l 0,0 z"></path></svg></div></div></div><div class="product-tile__product-visuals"><a href="https://www.goodeggs.com/sfbay/nordicnaturals/nordic-immune-daily-defense/5faa04fd062445000eb2b59e" class="js-product-tile__product-photo-wrapper js-product-photo-link js-product-link" data-alt="Nordic Immune Daily Defense" data-src="https://goodeggs4.imgix.net/a81ea289-f1ac-4599-91a4-59f13934f212.jpg?w=380&amp;h=238&amp;fm=jpg&amp;auto=compress&amp;fit=crop"><img class="product-tile__product-photo" alt="Nordic Immune Daily Defense" src="./Health &amp; Home _ SF Bay _ Good Eggs_files/a81ea289-f1ac-4599-91a4-59f13934f212.jpg"></a><div class="product-tile__product-photo-tinter"></div><div class="product-tile__quick-add"><div class="product-tile__quick-add-count is-transparent"><div class="product-tile__quick-add-quantity"><div class="product-tile__quantity-spinner product-tile__quantity-spinner__quantity js-quantity-indicator">1</div><div class="product-tile__quantity-spinner product-tile__quantity-spinner__previous-quantity js-quantity-indicator">1</div></div><div class="product-tile__quick-add-quantity-label"><div class="product-tile__quick-add-quantity-label-result">added</div><div class="product-tile__quick-add-quantity-label-summary">in your basket</div></div><div class="product-tile__quick-add-gift"><i class="icon icon-share-gift"></i></div><div class="product-tile__quick-add-gift-label"><div class="product-tile__quick-add-gift-summary">Gift in your basket</div></div></div><div class="product-tile__quick-add-buttons"><button class="btn product-tile__quick-add-button product-tile__quick-add-button-remove js-product-tile__quick-remove"><div class="product-tile__quick-add-minus"></div></button><button class="btn product-tile__quick-add-button product-tile__quick-add-button-add js-product-tile__quick-add"><div class="product-tile__quick-add-plus"></div></button></div></div></div><div class="product-tile__product-info"><div class="product-tile__product-name-and-details"><a class="js-producer-link" href="https://www.goodeggs.com/nordicnaturals"><div class="product-tile__producer-name">Nordic Naturals Inc.</div></a><a class="js-product-link" href="https://www.goodeggs.com/sfbay/nordicnaturals/nordic-immune-daily-defense/5faa04fd062445000eb2b59e"><h5 class="product-tile__product-name">Nordic Immune Daily Defense</h5></a></div><div class="product-tile__price-info product-tile-collapsing-row clearfix"><div class="product-tile__purchase-price product-tile-collapsing-row__fixed-right"><div class="split-price"><span class="split-price__dollars">34</span><span class="split-price__cents">99</span></div></div><div class="product-tile__purchase-unit product-tile-collapsing-row__primary-info">90 count</div></div></div></div></div><div class="grid-item" data-product-id="6001ce5ca5c39f000f1a08cd"><div class="product-tile product-tile--compact product-tile--market" data-id="6001ce5ca5c39f000f1a08cd"><div class="product-tile__favorite not-favorited"><div><div class="product-tile__favorite-circle"><svg class="product-tile__favorite-heart" viewBox="8.9 7.8 18 16.633654"><path d="m 17.89989,23.433653 c 0.631042,-0.630881 4.233291,-4.23521 6.485296,-6.486896 2.017605,-2.017765 1.974565,-4.958732 0.140161,-6.783217 -1.834405,-1.8249642 -4.800652,-1.8169641 -6.625457,0.0176 -1.824645,-1.8345641 -4.790892,-1.8425642 -6.625297,-0.0176 -1.8344041,1.824485 -1.8772842,4.765452 0.140161,6.783217 2.251845,2.251686 5.854574,5.856015 6.485136,6.486896 l 0,0 z"></path></svg></div></div></div><div class="product-tile__product-visuals"><a href="https://www.goodeggs.com/sfbay/urbanmoonshine/organic-immune-zoom/6001ce5ca5c39f000f1a08cd" class="js-product-tile__product-photo-wrapper js-product-photo-link js-product-link" data-alt="Organic Immune Zoom" data-src="https://goodeggs4.imgix.net/e3bda820-c472-4664-95ae-3875f3599cac.jpg?w=380&amp;h=238&amp;fm=jpg&amp;auto=compress&amp;fit=crop"><img class="product-tile__product-photo" alt="Organic Immune Zoom" src="./Health &amp; Home _ SF Bay _ Good Eggs_files/e3bda820-c472-4664-95ae-3875f3599cac.jpg"></a><div class="product-tile__product-photo-tinter"></div><div class="product-tile__quick-add"><div class="product-tile__quick-add-count is-transparent"><div class="product-tile__quick-add-quantity"><div class="product-tile__quantity-spinner product-tile__quantity-spinner__quantity js-quantity-indicator">1</div><div class="product-tile__quantity-spinner product-tile__quantity-spinner__previous-quantity js-quantity-indicator">1</div></div><div class="product-tile__quick-add-quantity-label"><div class="product-tile__quick-add-quantity-label-result">added</div><div class="product-tile__quick-add-quantity-label-summary">in your basket</div></div><div class="product-tile__quick-add-gift"><i class="icon icon-share-gift"></i></div><div class="product-tile__quick-add-gift-label"><div class="product-tile__quick-add-gift-summary">Gift in your basket</div></div></div><div class="product-tile__quick-add-buttons"><button class="btn product-tile__quick-add-button product-tile__quick-add-button-remove js-product-tile__quick-remove"><div class="product-tile__quick-add-minus"></div></button><button class="btn product-tile__quick-add-button product-tile__quick-add-button-add js-product-tile__quick-add"><div class="product-tile__quick-add-plus"></div></button></div></div></div><div class="product-tile__product-info"><div class="product-tile__product-name-and-details"><a class="js-producer-link" href="https://www.goodeggs.com/urbanmoonshine"><div class="product-tile__producer-name">Urban Moonshine</div></a><a class="js-product-link" href="https://www.goodeggs.com/sfbay/urbanmoonshine/organic-immune-zoom/6001ce5ca5c39f000f1a08cd"><h5 class="product-tile__product-name">Organic Immune Zoom</h5></a></div><div class="product-tile__price-info product-tile-collapsing-row clearfix"><div class="product-tile__purchase-price product-tile-collapsing-row__fixed-right"><div class="split-price"><span class="split-price__dollars">41</span><span class="split-price__cents">99</span></div></div><div class="product-tile__comparison-price product-tile-collapsing-row__secondary-info"><span class="price-per">$4.99 </span>/ <span class="per-unit">oz</span></div><div class="product-tile__purchase-unit product-tile-collapsing-row__primary-info">8.4 oz</div></div></div></div></div></div></div></div></div><div class="product-tiles"><div class="product-listings-view__subcategory-anchor" id="health-home-homekeeping"></div><h2 class="listings-section-header">Homekeeping</h2><div id="home-firewood" class="section-page"><div class="product-listings-view__section-anchor" id="health-home-homekeeping-home-firewood"></div><div class="page"><div class="grid-items"><div class="grid-item lazyloaded" data-product-id="5fac6f1b881ed1000e7f1db1"><div class="product-tile product-tile--compact product-tile--market" data-id="5fac6f1b881ed1000e7f1db1"><div class="product-tile__favorite not-favorited"><div><div class="product-tile__favorite-circle"><svg class="product-tile__favorite-heart" viewBox="8.9 7.8 18 16.633654"><path d="m 17.89989,23.433653 c 0.631042,-0.630881 4.233291,-4.23521 6.485296,-6.486896 2.017605,-2.017765 1.974565,-4.958732 0.140161,-6.783217 -1.834405,-1.8249642 -4.800652,-1.8169641 -6.625457,0.0176 -1.824645,-1.8345641 -4.790892,-1.8425642 -6.625297,-0.0176 -1.8344041,1.824485 -1.8772842,4.765452 0.140161,6.783217 2.251845,2.251686 5.854574,5.856015 6.485136,6.486896 l 0,0 z"></path></svg></div></div></div><div class="product-tile__product-visuals"><a href="https://www.goodeggs.com/sfbay/lazzari/almond-firewood-with-kindling/5fac6f1b881ed1000e7f1db1" class="js-product-tile__product-photo-wrapper js-product-photo-link js-product-link" data-alt="Almond Firewood with Kindling" data-src="https://goodeggs4.imgix.net/2709747f-8837-4289-a382-cb516fa1a6ab.jpg?w=380&amp;h=238&amp;fm=jpg&amp;auto=compress&amp;fit=crop"><img class="product-tile__product-photo" alt="Almond Firewood with Kindling" src="./Health &amp; Home _ SF Bay _ Good Eggs_files/2709747f-8837-4289-a382-cb516fa1a6ab.jpg"></a><div class="product-tile__product-photo-tinter"></div><div class="product-tile__quick-add"><div class="product-tile__quick-add-count is-transparent"><div class="product-tile__quick-add-quantity"><div class="product-tile__quantity-spinner product-tile__quantity-spinner__quantity js-quantity-indicator">1</div><div class="product-tile__quantity-spinner product-tile__quantity-spinner__previous-quantity js-quantity-indicator">1</div></div><div class="product-tile__quick-add-quantity-label"><div class="product-tile__quick-add-quantity-label-result">added</div><div class="product-tile__quick-add-quantity-label-summary">in your basket</div></div><div class="product-tile__quick-add-gift"><i class="icon icon-share-gift"></i></div><div class="product-tile__quick-add-gift-label"><div class="product-tile__quick-add-gift-summary">Gift in your basket</div></div></div><div class="product-tile__quick-add-buttons"><button class="btn product-tile__quick-add-button product-tile__quick-add-button-remove js-product-tile__quick-remove"><div class="product-tile__quick-add-minus"></div></button><button class="btn product-tile__quick-add-button product-tile__quick-add-button-add js-product-tile__quick-add"><div class="product-tile__quick-add-plus"></div></button></div></div></div><div class="product-tile__product-info"><div class="product-tile__product-name-and-details"><a class="js-producer-link" href="https://www.goodeggs.com/lazzari"><div class="product-tile__producer-name">Lazzari</div></a><a class="js-product-link" href="https://www.goodeggs.com/sfbay/lazzari/almond-firewood-with-kindling/5fac6f1b881ed1000e7f1db1"><h5 class="product-tile__product-name">Almond Firewood with Kindling</h5></a></div><div class="product-tile__price-info product-tile-collapsing-row clearfix"><div class="product-tile__purchase-price product-tile-collapsing-row__fixed-right"><div class="split-price"><span class="split-price__dollars">19</span><span class="split-price__cents">99</span></div></div><div class="product-tile__comparison-price product-tile-collapsing-row__secondary-info"><span class="price-per">$0.74 </span>/ <span class="per-unit">lb</span></div><div class="product-tile__purchase-unit product-tile-collapsing-row__primary-info">27 lb</div></div></div></div></div></div></div></div></div></div><div class="products-page__bottom-navigation-links"><div class="products-page__bottom-navigation-links-container"><div class="products-page__bottom-navigation-links-link"></div><div class="products-page__bottom-navigation-links-link"></div></div></div><a class="js-mobile-to-top product-listings-view__back-to-top" href="https://www.goodeggs.com/sfbay/health-home#">Back to Top</a></div></div></div><div class="card card-menu" data-card="menu"><div class="mobile-menu nav-menu"><div class="category-menu"><div class="mobile-user-controls"><a class="login pull-left" href="https://www.goodeggs.com/signin">Sign In / Sign Up</a></div><div class="department"><a class="row" href="https://www.goodeggs.com/sfbay/reorder">Reorder</a></div><div class="section-header"><h3>Market</h3></div><div class="department"><div class="row"><span>Meal Kits</span><button class="reveal"><i class="icon icon-chevron"></i></button></div><div class="category-list"><a class="subcategory-row" href="https://www.goodeggs.com/sfbay/meal-kits#meals-3dinner-kits">3-Dinner Kits</a><a class="subcategory-row" href="https://www.goodeggs.com/sfbay/meal-kits#meals-mains">Main Course</a><a class="subcategory-row" href="https://www.goodeggs.com/sfbay/meal-kits#meals-special-diets">Special Diets</a><a class="subcategory-row" href="https://www.goodeggs.com/sfbay/meal-kits#meals-celebrations">Celebrations</a><a class="subcategory-row" href="https://www.goodeggs.com/sfbay/meal-kits#meals-appetizers">Appetizers</a><a class="subcategory-row" href="https://www.goodeggs.com/sfbay/meal-kits#meals-platters">Boards &amp; Platters</a><a class="subcategory-row" href="https://www.goodeggs.com/sfbay/meal-kits#meals-sides">Side Dishes</a><a class="subcategory-row" href="https://www.goodeggs.com/sfbay/meal-kits#meals-sidesalads">Side Salads</a><a class="subcategory-row" href="https://www.goodeggs.com/sfbay/meal-kits#meals-lunch">Quick &amp; Easy Lunch</a><a class="subcategory-row" href="https://www.goodeggs.com/sfbay/meal-kits#meals-desserts">Desserts</a><a class="subcategory-row" href="https://www.goodeggs.com/sfbay/meal-kits#meals-kidscooking">Cooking With Kids</a><a class="subcategory-row" href="https://www.goodeggs.com/sfbay/meal-kits#meals-onepot">One-Pot Cooking</a><a class="subcategory-row" href="https://www.goodeggs.com/sfbay/meal-kits#meals-family">Family Favorites</a><a class="subcategory-row" href="https://www.goodeggs.com/sfbay/meal-kits#meals-alcohol">Cocktails</a></div></div><div class="department"><div class="row"><span>Produce &amp; Floral</span><button class="reveal"><i class="icon icon-chevron"></i></button></div><div class="category-list"><a class="subcategory-row" href="https://www.goodeggs.com/sfbay/produce#produce-peak-season">New &amp; Peak Season</a><a class="subcategory-row" href="https://www.goodeggs.com/sfbay/produce#produce-csa-boxes">CSA Boxes</a><a class="subcategory-row" href="https://www.goodeggs.com/sfbay/produce#produce-prepped-fruit">Prepped Fruit</a><a class="subcategory-row" href="https://www.goodeggs.com/sfbay/produce#produce-prepped-vegetables">Prepped Vegetables</a><a class="subcategory-row" href="https://www.goodeggs.com/sfbay/produce#produce-flowers">Flowers</a><a class="subcategory-row" href="https://www.goodeggs.com/sfbay/produce#produce-fruit">Fruits</a><a class="subcategory-row" href="https://www.goodeggs.com/sfbay/produce#produce-avocados">Avocados</a><a class="subcategory-row" href="https://www.goodeggs.com/sfbay/produce#produce-vegetables">Vegetables</a><a class="subcategory-row" href="https://www.goodeggs.com/sfbay/produce#produce-greens">Greens</a><a class="subcategory-row" href="https://www.goodeggs.com/sfbay/produce#produce-mushrooms">Mushrooms</a><a class="subcategory-row" href="https://www.goodeggs.com/sfbay/produce#produce-roots">Potatoes &amp; Beets</a><a class="subcategory-row" href="https://www.goodeggs.com/sfbay/produce#produce-garlic-onions">Garlic &amp; Onions</a><a class="subcategory-row" href="https://www.goodeggs.com/sfbay/produce#produce-herbs">Herbs</a><a class="subcategory-row" href="https://www.goodeggs.com/sfbay/produce#produce-bulk">Bulk Produce</a><a class="subcategory-row" href="https://www.goodeggs.com/sfbay/produce#produce-frozen-fruit-vegetables">Frozen Fruit &amp; Vegetables</a></div></div><div class="department"><div class="row"><span>Dairy</span><button class="reveal"><i class="icon icon-chevron"></i></button></div><div class="category-list"><a class="subcategory-row" href="https://www.goodeggs.com/sfbay/dairy#dairy-featured">Ice Cream Sundaes</a><a class="subcategory-row" href="https://www.goodeggs.com/sfbay/dairy#dairy-gek">Good Eggs Cheese Shop</a><a class="subcategory-row" href="https://www.goodeggs.com/sfbay/dairy#dairy-milk">Milk</a><a class="subcategory-row" href="https://www.goodeggs.com/sfbay/dairy#dairy-non-dairy-milk">Non-Dairy Milk</a><a class="subcategory-row" href="https://www.goodeggs.com/sfbay/dairy#dairy-cream">Cream</a><a class="subcategory-row" href="https://www.goodeggs.com/sfbay/dairy#dairy-pastured-eggs">Eggs</a><a class="subcategory-row" href="https://www.goodeggs.com/sfbay/dairy#dairy-yogurt">Yogurt</a><a class="subcategory-row" href="https://www.goodeggs.com/sfbay/dairy#nondairy-yogurt">Non-Dairy Yogurt</a><a class="subcategory-row" href="https://www.goodeggs.com/sfbay/dairy#dairy-butter">Butter &amp; Cultured Dairy</a><a class="subcategory-row" href="https://www.goodeggs.com/sfbay/dairy#dairy-cheese">Cheese</a><a class="subcategory-row" href="https://www.goodeggs.com/sfbay/dairy#dairy-meat-alternatives">Tofu &amp; Meat Alternatives</a><a class="subcategory-row" href="https://www.goodeggs.com/sfbay/dairy#dairy-desserts">Ice Cream &amp; Desserts</a></div></div><div class="department"><div class="row"><span>Meat &amp; Fish</span><button class="reveal"><i class="icon icon-chevron"></i></button></div><div class="category-list"><a class="subcategory-row" href="https://www.goodeggs.com/sfbay/meat-fish#meat-fish-featured">Barbecue is Back</a><a class="subcategory-row" href="https://www.goodeggs.com/sfbay/meat-fish#meat-gek">Good Eggs Kitchen</a><a class="subcategory-row" href="https://www.goodeggs.com/sfbay/meat-fish#meat-fish-poultry">Poultry</a><a class="subcategory-row" href="https://www.goodeggs.com/sfbay/meat-fish#meat-fish-bacon">Sausage &amp; Bacon</a><a class="subcategory-row" href="https://www.goodeggs.com/sfbay/meat-fish#meat-fish-beef">Beef</a><a class="subcategory-row" href="https://www.goodeggs.com/sfbay/meat-fish#meat-fish-pork">Pork</a><a class="subcategory-row" href="https://www.goodeggs.com/sfbay/meat-fish#meat-fish-lamb">Lamb &amp; Game Meat</a><a class="subcategory-row" href="https://www.goodeggs.com/sfbay/meat-fish#meat-fish-deli-charcuterie">Deli Meat &amp; Charcuterie</a><a class="subcategory-row" href="https://www.goodeggs.com/sfbay/meat-fish#meat-fish-sausage-jerky">Jerky</a><a class="subcategory-row" href="https://www.goodeggs.com/sfbay/meat-fish#meat-fish-fish">Fish &amp; Shellfish</a><a class="subcategory-row" href="https://www.goodeggs.com/sfbay/meat-fish#meat-fish-smoked">Smoked &amp; Canned Fish</a><a class="subcategory-row" href="https://www.goodeggs.com/sfbay/meat-fish#meat-fish-rubs-marinades">Rubs &amp; Marinades</a><a class="subcategory-row" href="https://www.goodeggs.com/sfbay/meat-fish#meat-fish-bones-offal">Bones &amp; Offal</a></div></div><div class="department"><div class="row"><span>Prepared</span><button class="reveal"><i class="icon icon-chevron"></i></button></div><div class="category-list"><a class="subcategory-row" href="https://www.goodeggs.com/sfbay/prepared#featured-prepared">Memorial Day Favorites</a><a class="subcategory-row" href="https://www.goodeggs.com/sfbay/prepared#good-eggs-kitchen">Good Eggs Kitchen</a><a class="subcategory-row" href="https://www.goodeggs.com/sfbay/prepared#meals-entrees">Entrees</a><a class="subcategory-row" href="https://www.goodeggs.com/sfbay/prepared#meals-sides-and-salads">Sides &amp; Salads</a><a class="subcategory-row" href="https://www.goodeggs.com/sfbay/prepared#meals-soups-stews">Soups &amp; Stews</a><a class="subcategory-row" href="https://www.goodeggs.com/sfbay/prepared#meals-pasta">Pasta &amp; Sauce</a><a class="subcategory-row" href="https://www.goodeggs.com/sfbay/prepared#meals-pizza">Pizza</a><a class="subcategory-row" href="https://www.goodeggs.com/sfbay/prepared#meals-frozen">Frozen</a><a class="subcategory-row" href="https://www.goodeggs.com/sfbay/prepared#meals-vegan-raw">Vegan &amp; Raw</a></div></div><div class="department"><div class="row"><span>Alcohol</span><button class="reveal"><i class="icon icon-chevron"></i></button></div><div class="category-list"><a class="subcategory-row" href="https://www.goodeggs.com/sfbay/alcohol#alcohol-featured">Perfect for Picnicking</a><a class="subcategory-row" href="https://www.goodeggs.com/sfbay/alcohol#alcohol-beer">Beer</a><a class="subcategory-row" href="https://www.goodeggs.com/sfbay/alcohol#alcohol-spirits">Spirits</a><a class="subcategory-row" href="https://www.goodeggs.com/sfbay/alcohol#alcohol-canned-cocktails">Canned Cocktails</a><a class="subcategory-row" href="https://www.goodeggs.com/sfbay/alcohol#alcohol-red-wine">Red Wine</a><a class="subcategory-row" href="https://www.goodeggs.com/sfbay/alcohol#alcohol-white-wine">White Wine</a><a class="subcategory-row" href="https://www.goodeggs.com/sfbay/alcohol#alcohol-rose-wine">Rosé Wine</a><a class="subcategory-row" href="https://www.goodeggs.com/sfbay/alcohol#alcohol-sparkling-wine">Sparkling Wine</a><a class="subcategory-row" href="https://www.goodeggs.com/sfbay/alcohol#alcohol-canned-wine">Canned Wine</a><a class="subcategory-row" href="https://www.goodeggs.com/sfbay/alcohol#alcohol-fortified-wine">Fortified Wine</a><a class="subcategory-row" href="https://www.goodeggs.com/sfbay/alcohol#alcohol-cider">Hard Cider</a><a class="subcategory-row" href="https://www.goodeggs.com/sfbay/alcohol#alcohol-sake">Sake</a><a class="subcategory-row" href="https://www.goodeggs.com/sfbay/alcohol#alcohol-wine-under-15">Wines Under $15</a><a class="subcategory-row" href="https://www.goodeggs.com/sfbay/alcohol#alcohol-collections">Wine &amp; Cocktail Collections</a></div></div><div class="department"><div class="row"><span>Snacks</span><button class="reveal"><i class="icon icon-chevron"></i></button></div><div class="category-list"><a class="subcategory-row" href="https://www.goodeggs.com/sfbay/snacks#snacks-featured">Lunchbox Snacks</a><a class="subcategory-row" href="https://www.goodeggs.com/sfbay/snacks#snacks-gek">Good Eggs Kitchen</a><a class="subcategory-row" href="https://www.goodeggs.com/sfbay/snacks#snacks-bars">Bars</a><a class="subcategory-row" href="https://www.goodeggs.com/sfbay/snacks#snacks-chips">Chips</a><a class="subcategory-row" href="https://www.goodeggs.com/sfbay/snacks#snacks-crackers">Crackers</a><a class="subcategory-row" href="https://www.goodeggs.com/sfbay/snacks#snacks-salsa-dips">Salsa &amp; Dips</a><a class="subcategory-row" href="https://www.goodeggs.com/sfbay/snacks#snacks-dried-fruit-nuts">Dried Fruit &amp; Nuts</a><a class="subcategory-row" href="https://www.goodeggs.com/sfbay/snacks#snacks-savory-snacks">Savory Snacks</a><a class="subcategory-row" href="https://www.goodeggs.com/sfbay/snacks#snacks-pickles-olives">Pickles &amp; Olives</a><a class="subcategory-row" href="https://www.goodeggs.com/sfbay/snacks#snacks-chocolate-bars-sweets">Chocolate &amp; Candy</a><a class="subcategory-row" href="https://www.goodeggs.com/sfbay/snacks#snacks-cookies">Cookies</a><a class="subcategory-row" href="https://www.goodeggs.com/sfbay/snacks#snacks-gf-cookies">Gluten-Free Cookies</a></div></div><div class="department"><div class="row"><span>Drinks</span><button class="reveal"><i class="icon icon-chevron"></i></button></div><div class="category-list"><a class="subcategory-row" href="https://www.goodeggs.com/sfbay/drinks#drinks-featured">Iced Brews</a><a class="subcategory-row" href="https://www.goodeggs.com/sfbay/drinks#drinks-juice">Juice &amp; Smoothies</a><a class="subcategory-row" href="https://www.goodeggs.com/sfbay/drinks#drinks-water-seltzer">Water &amp; Seltzer</a><a class="subcategory-row" href="https://www.goodeggs.com/sfbay/drinks#drinks-soda">Soda</a><a class="subcategory-row" href="https://www.goodeggs.com/sfbay/drinks#drinks-kombucha">Kombucha &amp; Tonics</a><a class="subcategory-row" href="https://www.goodeggs.com/sfbay/drinks#drinks-functional-beverages">Functional Beverages</a><a class="subcategory-row" href="https://www.goodeggs.com/sfbay/drinks#drinks-coffee">Coffee</a><a class="subcategory-row" href="https://www.goodeggs.com/sfbay/drinks#drinks-tea">Tea</a><a class="subcategory-row" href="https://www.goodeggs.com/sfbay/drinks#drinks-cocoa">Cocoa</a><a class="subcategory-row" href="https://www.goodeggs.com/sfbay/drinks#drinks-tonics-mixers">Mixers &amp; Concentrates</a></div></div><div class="department"><div class="row"><span>Bakery</span><button class="reveal"><i class="icon icon-chevron"></i></button></div><div class="category-list"><a class="subcategory-row" href="https://www.goodeggs.com/sfbay/bakery#bakery-featured">Potluck Sweets</a><a class="subcategory-row" href="https://www.goodeggs.com/sfbay/bakery#bakery-bread">Bread</a><a class="subcategory-row" href="https://www.goodeggs.com/sfbay/bakery#bakery-rolls-buns">Rolls &amp; Buns</a><a class="subcategory-row" href="https://www.goodeggs.com/sfbay/bakery#bakery-bagels-pastries">Bagels &amp; Breakfast</a><a class="subcategory-row" href="https://www.goodeggs.com/sfbay/bakery#bakery-tortillas-flatbread">Tortillas &amp; Flatbreads</a><a class="subcategory-row" href="https://www.goodeggs.com/sfbay/bakery#bakery-cookies-brownies">Cookies &amp; Brownies</a><a class="subcategory-row" href="https://www.goodeggs.com/sfbay/bakery#bakery-cakes-pies">Cakes &amp; Pies</a><a class="subcategory-row" href="https://www.goodeggs.com/sfbay/bakery#bakery-gluten-free-bread">Gluten-Free Bread</a><a class="subcategory-row" href="https://www.goodeggs.com/sfbay/bakery#bakery-gluten-free-baked-goods">Gluten-Free Baked Goods</a><a class="subcategory-row" href="https://www.goodeggs.com/sfbay/bakery#bakery-batter-dough">Batter &amp; Dough</a></div></div><div class="department"><div class="row"><span>Pantry</span><button class="reveal"><i class="icon icon-chevron"></i></button></div><div class="category-list"><a class="subcategory-row" href="https://www.goodeggs.com/sfbay/pantry#pantry-featured">New to the Market</a><a class="subcategory-row" href="https://www.goodeggs.com/sfbay/pantry#pantry-gek">Good Eggs Kitchen</a><a class="subcategory-row" href="https://www.goodeggs.com/sfbay/pantry#pantry-granola-cereal">Cereal &amp; Granola</a><a class="subcategory-row" href="https://www.goodeggs.com/sfbay/pantry#pantry-nut-butters-fruit-spreads">Nut Butters &amp; Fruit Spreads</a><a class="subcategory-row" href="https://www.goodeggs.com/sfbay/pantry#pantry-pasta-sauce">Pasta &amp; Sauce</a><a class="subcategory-row" href="https://www.goodeggs.com/sfbay/pantry#pantry-grains-rice-beans">Grains, Rice &amp; Dried Beans</a><a class="subcategory-row" href="https://www.goodeggs.com/sfbay/pantry#pantry-canned-goods">Canned &amp; Jarred</a><a class="subcategory-row" href="https://www.goodeggs.com/sfbay/pantry#pantry-pickles-olives">Pickles &amp; Olives</a><a class="subcategory-row" href="https://www.goodeggs.com/sfbay/pantry#pantry-baking-ingredients">Baking Ingredients</a><a class="subcategory-row" href="https://www.goodeggs.com/sfbay/pantry#pantry-baking-gluten-free">Gluten-Free &amp; Paleo Baking</a><a class="subcategory-row" href="https://www.goodeggs.com/sfbay/pantry#sugars-sweeteners">Sugars &amp; Sweeteners</a><a class="subcategory-row" href="https://www.goodeggs.com/sfbay/pantry#pantry-oil-vinegar">Oil &amp; Vinegar</a><a class="subcategory-row" href="https://www.goodeggs.com/sfbay/pantry#pantry-stocks-broths">Stocks &amp; Broths</a><a class="subcategory-row" href="https://www.goodeggs.com/sfbay/pantry#pantry-sauces-condiments">Sauces &amp; Condiments</a><a class="subcategory-row" href="https://www.goodeggs.com/sfbay/pantry#pantry-herbs-spices">Herbs &amp; Spices</a><a class="subcategory-row" href="https://www.goodeggs.com/sfbay/pantry#pantry-baby-food">Baby Food</a></div></div><div class="department"><div class="row"><span>Health &amp; Home</span><button class="reveal"><i class="icon icon-chevron"></i></button></div><div class="category-list"><a class="subcategory-row" href="https://www.goodeggs.com/sfbay/health-home#health-home-cleaning">Cleaning</a><a class="subcategory-row" href="https://www.goodeggs.com/sfbay/health-home#health-home-laundry">Laundry</a><a class="subcategory-row" href="https://www.goodeggs.com/sfbay/health-home#health-home-kitchen">Kitchen Essentials</a><a class="subcategory-row" href="https://www.goodeggs.com/sfbay/health-home#health-home-paper">Paper Goods</a><a class="subcategory-row" href="https://www.goodeggs.com/sfbay/health-home#health-home-trash">Trash &amp; Compost</a><a class="subcategory-row" href="https://www.goodeggs.com/sfbay/health-home#health-home-hygiene">Personal Care</a><a class="subcategory-row" href="https://www.goodeggs.com/sfbay/health-home#health-home-wellness">Wellness</a><a class="subcategory-row" href="https://www.goodeggs.com/sfbay/health-home#health-home-bath-body">Bath &amp; Body</a><a class="subcategory-row" href="https://www.goodeggs.com/sfbay/health-home#health-home-vitamins-supplements">Vitamins &amp; Supplements</a><a class="subcategory-row" href="https://www.goodeggs.com/sfbay/health-home#health-home-homekeeping">Homekeeping</a></div></div></div></div></div></div><div><footer class="mobile-footer"><div class="mobile-footer__logotag"><div class="mobile-footer__logo"><a href="https://www.goodeggs.com/sfbay/home"><img src="./Health &amp; Home _ SF Bay _ Good Eggs_files/goodeggs_wordmark.c902cf5b.png"></a></div><div class="mobile-footer__tagline"><img src="./Health &amp; Home _ SF Bay _ Good Eggs_files/wave@2x.0421fdac.png"></div></div><div class="mobile-footer__links"><div class="mobile-footer__block"><div class="mobile-footer__title">Shop</div><ul><li><a href="https://www.goodeggs.com/sfbay/produce#produce-peak-season">Shop Featured Items</a></li><li><a href="https://www.goodeggs.com/sfbay/meal-kits">Meal Kits</a></li><li><a href="https://blog.goodeggs.com/?category=In+the+Kitchen" target="_blank" rel="noopener">Recipes</a></li><li><a href="https://www.goodeggs.com/giftcards">Gift Cards</a></li><li><a href="https://www.goodeggs.com/sfbay/refer-a-friend">Refer A Friend</a></li></ul></div><div class="mobile-footer__block"><div class="mobile-footer__title">About Good Eggs</div><ul><li><a href="https://about.goodeggs.com/">About Us</a></li><li><a href="https://blog.goodeggs.com/">Blog</a></li><li><a href="https://www.goodeggs.com/about/standards">Food Standards</a></li><li><a href="https://www.goodeggs.com/sfbay/how-it-works">How It Works</a></li><li><a href="http://careers.goodeggs.com/">Careers</a></li><li><a href="https://about.goodeggs.com/sell-your-goods">Sell Your Goods</a></li></ul></div><div class="mobile-footer__block"><div class="mobile-footer__title">Need Help?</div><ul><li><a href="https://help.goodeggs.com/hc/en-us/requests/new">Contact Us</a></li><li><a href="https://help.goodeggs.com/">Help Center</a></li></ul></div><div class="mobile-footer__block"><div class="mobile-footer__title">Get the App</div><ul><li><a href="https://www.goodeggs.com/app"><i class="icon icon-apple"></i></a></li></ul></div></div><div class="icons social-icons"><a href="https://twitter.com/goodeggs"><i class="icon icon-twitter-circle"></i></a><a href="https://facebook.com/goodeggs"><i class="icon icon-facebook-circle"></i></a><a href="https://instagram.com/goodeggs"><i class="icon icon-instagram-circle"></i></a><a href="http://pinterest.com/good_eggs"><i class="icon icon-pinterest-circle"></i></a></div><div class="mobile-footer__terms"><span>© 2021 Good Eggs, Inc.</span><a href="https://www.goodeggs.com/terms">Terms &amp; Privacy</a></div></footer><footer id="footer" class="desktop-footer"><div class="desktop-footer__content"><div class="desktop-footer__row"><div class="desktop-footer__logotag"><div class="desktop-footer__logo"><a href="https://www.goodeggs.com/sfbay/home"><img src="./Health &amp; Home _ SF Bay _ Good Eggs_files/goodeggs_wordmark.c902cf5b.png"></a></div><div class="desktop-footer__tagline"><img src="./Health &amp; Home _ SF Bay _ Good Eggs_files/wave@2x.0421fdac.png"></div></div><div class="desktop-footer__links col-normal"><div class="desktop-footer__title">Shop</div><ul><li><a href="https://www.goodeggs.com/sfbay/produce#produce-peak-season">Shop Featured Items</a></li><li><a href="https://www.goodeggs.com/sfbay/meal-kits">Meal Kits</a></li><li><a href="https://blog.goodeggs.com/?category=In+the+Kitchen" target="_blank" rel="noopener">Recipes</a></li><li><a href="https://www.goodeggs.com/giftcards">Gift Cards</a></li><li><a href="https://www.goodeggs.com/sfbay/refer-a-friend">Refer A Friend</a></li></ul></div><div class="desktop-footer__links col-normal"><div class="desktop-footer__title">About Good Eggs</div><ul><li><a href="https://about.goodeggs.com/">About Us</a></li><li><a href="https://blog.goodeggs.com/">Blog</a></li><li><a href="https://www.goodeggs.com/about/standards">Food Standards</a></li><li><a href="https://www.goodeggs.com/sfbay/how-it-works">How It Works</a></li><li><a href="http://careers.goodeggs.com/">Careers</a></li><li><a href="https://about.goodeggs.com/sell-your-goods">Sell Your Goods</a></li></ul></div><div class="desktop-footer__links col-normal"><div class="desktop-footer__title">Need Help?</div><ul><li><a href="https://help.goodeggs.com/hc/en-us/requests/new">Contact Us</a></li><li><a href="https://help.goodeggs.com/">Help Center</a></li></ul><div class="desktop-footer__app_title">Get the App</div><a href="https://www.goodeggs.com/app"><i class="icon icon-apple"></i></a></div><div class="icons social-icons"><a href="https://twitter.com/goodeggs"><i class="icon icon-twitter-circle"></i></a><a href="https://facebook.com/goodeggs"><i class="icon icon-facebook-circle"></i></a><a href="https://instagram.com/goodeggs"><i class="icon icon-instagram-circle"></i></a><a href="http://pinterest.com/good_eggs"><i class="icon icon-pinterest-circle"></i></a></div></div></div><div class="desktop-footer__terms"><span>© 2021 Good Eggs, Inc.</span><a href="https://www.goodeggs.com/terms">Terms &amp; Privacy</a></div></footer></div><div class="Toastify"></div></div></div><div id="modal-container"></div><script type="text/javascript">
window.settings = {"cookieDomain":".goodeggs.com","shoppingSessionCookieDuration":1800000,"staticAssetHost":"//goodeggs-10.a.ssl.fastly.net","sites":{"api":{"serverUrl":"https://api.goodeggs.com"},"www":{"serverUrl":"https://www.goodeggs.com"}},"facebook":{"appId":"225934297890416"},"env":"production","appInstance":"production","zendesk":{"widgetKey":"7e95b49e-767c-4a43-bba3-e15a3e1e0036"},"allowedHostnamesForReturnPath":["www.goodeggs.com","admin.goodeggs.com"],"shoppingDaysLength":4,"minPasswordLength":8,"maxPasswordLength":128,"privacyLink":"https://good-eggs.trsnd.co/policies"};
window.serverNow = 1621899161060;
</script><script>(function(){

  // Create a queue, but don't obliterate an existing one!
  var analytics = window.analytics = window.analytics || [];

  // If the real analytics.js is already on the page return.
  if (analytics.initialize) return;

  // If the snippet was invoked already show an error.
  if (analytics.invoked) {
    if (window.console && console.error) {
      console.error('Segment snippet included twice.');
    }
    return;
  }

  // Invoked flag, to make sure the snippet
  // is never invoked twice.
  analytics.invoked = true;

  // A list of the methods in Analytics.js to stub.
  analytics.methods = [
    'trackSubmit',
    'trackClick',
    'trackLink',
    'trackForm',
    'pageview',
    'identify',
    'group',
    'track',
    'ready',
    'alias',
    'page',
    'once',
    'off',
    'on',
    'emit'
  ];

  // Define a factory to create stubs. These are placeholders
  // for methods in Analytics.js so that you never have to wait
  // for it to load to actually record data. The `method` is
  // stored as the first argument, so we can replay the data.
  analytics.factory = function(method){
    return function(){
      var args = Array.prototype.slice.call(arguments);
      args.unshift(method);
      analytics.push(args);
      return analytics;
    };
  };

  // For each of our methods, generate a queueing stub.
  for (var i = 0; i < analytics.methods.length; i++) {
    var key = analytics.methods[i];
    analytics[key] = analytics.factory(key);
  }

  // Define a method to load Analytics.js from our CDN,
  // and that will be sure to only ever load it once.
  analytics.load = function(key, cdnEndpoint){
    // Create an async script element based on your key.
    var script = document.createElement('script');
    script.type = 'text/javascript';
    script.async = true;
    script.src = (
      cdnEndpoint +
      key + '/analytics.min.js'
    );

    // Insert our script next to the first script element.
    var first = document.getElementsByTagName('script')[0];
    first.parentNode.insertBefore(script, first);
  };

  // Add a version to keep track of what's in the wild.
  analytics.SNIPPET_VERSION = '3.0.1';

  // Load Analytics.js with your key, which will automatically
  // load the tools you've enabled for your account. Boosh!
  // we delay this to unblock domcontentloaded.
  setTimeout(function () {
  analytics.load('MqcttLVoICylH5ideqSj5rqZ8abDgSDv', 'https://segment-cdn.goodeggs.com/analytics.js/v1/');
}, 0);
})();</script><script src="./Health &amp; Home _ SF Bay _ Good Eggs_files/common.5688ac5a.js" crossorigin="anonymous"></script><script src="./Health &amp; Home _ SF Bay _ Good Eggs_files/web_market_product_listings_page.9906a4ff.js" crossorigin="anonymous"></script><script>window._goodeggs.init();</script><script id="ze-snippet" src="./Health &amp; Home _ SF Bay _ Good Eggs_files/snippet.js"></script><script>window._goodeggs.initReactRedux(window._goodeggs.entrypoint, {"storeData":{"category":{"id":"health-home","description":"Shop paper goods, soap, vitamins, probiotics & more. Delivered to you today with your groceries, for free, in the Bay Area.","hidden":false,"mobileImageTitle":"Health & Home","mobileName":"Health & Home","name":"Health & Home","primary":true,"shortName":"Health & Home","showDescriptionHeader":false,"sortAlgorithm":"PRODUCT_TYPE_PRODUCER_MOST_POPULAR","subcategories":[{"id":"health-home-cleaning","name":"Cleaning","sortAlgorithm":"PRODUCT_TYPE_PRODUCER_MOST_POPULAR","tags":{"cleaning-household":"Household Cleaners","cleaning-dishes":"Dishwashing","cleaning-soap":"Hand Soap & Sanitizer","cleaning-sponges":"Sponges & Scrubbers"},"categoryId":"health-home","url":"/sfbay/health-home#health-home-cleaning","pageUrl":"/sfbay/health-home/health-home-cleaning"},{"id":"health-home-laundry","name":"Laundry","sortAlgorithm":"PRODUCT_TYPE_ALPHABETICAL","tags":{"home-laundry":"Laundry"},"categoryId":"health-home","url":"/sfbay/health-home#health-home-laundry","pageUrl":"/sfbay/health-home/health-home-laundry"},{"id":"health-home-kitchen","name":"Kitchen Essentials","sortAlgorithm":"PRODUCT_TYPE_ALPHABETICAL","tags":{"kitchen-wraps":"Wraps & Foils","kitchen-compostables":"Compostable Tableware","kitchen-ware":"Cookware & Bakeware","kitchen-filters":"Coffee & Tea Filters","kitchen-storage":"Food Storage"},"categoryId":"health-home","url":"/sfbay/health-home#health-home-kitchen","pageUrl":"/sfbay/health-home/health-home-kitchen"},{"id":"health-home-paper","name":"Paper Goods","sortAlgorithm":"PRODUCT_TYPE_ALPHABETICAL","tags":{"paper-goods":"Paper Goods"},"categoryId":"health-home","url":"/sfbay/health-home#health-home-paper","pageUrl":"/sfbay/health-home/health-home-paper"},{"id":"health-home-trash","name":"Trash & Compost","sortAlgorithm":"PRODUCT_TYPE_ALPHABETICAL","tags":{"trash-compost":"Trash & Compost"},"categoryId":"health-home","url":"/sfbay/health-home#health-home-trash","pageUrl":"/sfbay/health-home/health-home-trash"},{"id":"health-home-hygiene","name":"Personal Care","sortAlgorithm":"PRODUCT_TYPE_ALPHABETICAL","tags":{"personal-hygiene":"Personal Care"},"categoryId":"health-home","url":"/sfbay/health-home#health-home-hygiene","pageUrl":"/sfbay/health-home/health-home-hygiene"},{"id":"health-home-wellness","name":"Wellness","sortAlgorithm":"PRODUCT_TYPE_ALPHABETICAL","tags":{"protein-powders":"Protein Powders","functional-beverages":"Functional Beverages","functional-blends":"Blends & Boosts","wellness-shots":"Wellness Shots","protein-energy-bars":"Protein & Energy Bars"},"categoryId":"health-home","url":"/sfbay/health-home#health-home-wellness","pageUrl":"/sfbay/health-home/health-home-wellness"},{"id":"health-home-bath-body","name":"Bath & Body","sortAlgorithm":"PRODUCT_TYPE_POPULAR_SIZE","tags":{"bath-oral":"Oral Care","bath-hair":"Hair Care","bath-sun":"Sun & Bug","bath-aromatherapy":"Essential Oils & Aromatherapy","bath-deodorant":"Deodorant","bath-lotions":"Lotions & Moisturizers","bath-cleansers":"Facial Cleansers & Masks","bath-soap":"Soap & Body Wash","bath-sanitizer":"Hand Sanitizer & Masks"},"categoryId":"health-home","url":"/sfbay/health-home#health-home-bath-body","pageUrl":"/sfbay/health-home/health-home-bath-body"},{"id":"health-home-vitamins-supplements","name":"Vitamins & Supplements","sortAlgorithm":"PRODUCT_TYPE_POPULAR_SIZE","tags":{"letter-vitamins":"Letter Vitamins","multivitamins":"Multivitamins","vitamins-omegas":"Omegas & Fish Oil","vitamins-probiotics":"Probiotics & Digestion","vitamins-homeopathy":"Herbs & Homeopathy","vitamins-minerals":"Minerals","vitamins-gummies":"Gummies","vitamins-natal":"Prenatal & Postnatal","vitamins-immunity":"Immunity","vitamins-sleep":"Sleep & Stress","vitamins-extracts":"Tinctures & Extracts"},"categoryId":"health-home","url":"/sfbay/health-home#health-home-vitamins-supplements","pageUrl":"/sfbay/health-home/health-home-vitamins-supplements"},{"id":"health-home-homekeeping","name":"Homekeeping","sortAlgorithm":"PRODUCT_TYPE_POPULAR_SIZE","tags":{"home-candles":"Candles","home-fragrance":"Room Spray & Fragrance","home-firewood":"Firewood","home-linens":"Linens","home-gifts":"Gifts","home-cookbooks":"Cookbooks"},"categoryId":"health-home","url":"/sfbay/health-home#health-home-homekeeping","pageUrl":"/sfbay/health-home/health-home-homekeeping"}],"tagDisplay":{"cleaning-household":"Household Cleaners","cleaning-dishes":"Dishwashing","cleaning-soap":"Hand Soap & Sanitizer","cleaning-sponges":"Sponges & Scrubbers","home-laundry":"Laundry","kitchen-wraps":"Wraps & Foils","kitchen-compostables":"Compostable Tableware","kitchen-ware":"Cookware & Bakeware","kitchen-filters":"Coffee & Tea Filters","kitchen-storage":"Food Storage","paper-goods":"Paper Goods","trash-compost":"Trash & Compost","personal-hygiene":"Personal Care","protein-powders":"Protein Powders","functional-beverages":"Functional Beverages","functional-blends":"Blends & Boosts","wellness-shots":"Wellness Shots","protein-energy-bars":"Protein & Energy Bars","bath-oral":"Oral Care","bath-hair":"Hair Care","bath-sun":"Sun & Bug","bath-aromatherapy":"Essential Oils & Aromatherapy","bath-deodorant":"Deodorant","bath-lotions":"Lotions & Moisturizers","bath-cleansers":"Facial Cleansers & Masks","bath-soap":"Soap & Body Wash","bath-sanitizer":"Hand Sanitizer & Masks","letter-vitamins":"Letter Vitamins","multivitamins":"Multivitamins","vitamins-omegas":"Omegas & Fish Oil","vitamins-probiotics":"Probiotics & Digestion","vitamins-homeopathy":"Herbs & Homeopathy","vitamins-minerals":"Minerals","vitamins-gummies":"Gummies","vitamins-natal":"Prenatal & Postnatal","vitamins-immunity":"Immunity","vitamins-sleep":"Sleep & Stress","vitamins-extracts":"Tinctures & Extracts","home-candles":"Candles","home-fragrance":"Room Spray & Fragrance","home-firewood":"Firewood","home-linens":"Linens","home-gifts":"Gifts","home-cookbooks":"Cookbooks"},"tags":["cleaning-household","cleaning-dishes","cleaning-soap","cleaning-sponges","home-laundry","kitchen-wraps","kitchen-compostables","kitchen-ware","kitchen-filters","kitchen-storage","paper-goods","trash-compost","personal-hygiene","protein-powders","functional-beverages","functional-blends","wellness-shots","protein-energy-bars","bath-oral","bath-hair","bath-sun","bath-aromatherapy","bath-deodorant","bath-lotions","bath-cleansers","bath-soap","bath-sanitizer","letter-vitamins","multivitamins","vitamins-omegas","vitamins-probiotics","vitamins-homeopathy","vitamins-minerals","vitamins-gummies","vitamins-natal","vitamins-immunity","vitamins-sleep","vitamins-extracts","home-candles","home-fragrance","home-firewood","home-linens","home-gifts","home-cookbooks"]},"subcategory":null,"tag":{},"populatedSubcategories":[{"subcategory":{"id":"health-home-cleaning","name":"Cleaning","sortAlgorithm":"PRODUCT_TYPE_PRODUCER_MOST_POPULAR","tags":{"cleaning-household":"Household Cleaners","cleaning-dishes":"Dishwashing","cleaning-soap":"Hand Soap & Sanitizer","cleaning-sponges":"Sponges & Scrubbers"},"categoryId":"health-home","url":"/sfbay/health-home#health-home-cleaning","pageUrl":"/sfbay/health-home/health-home-cleaning"},"sections":[{"tag":"cleaning-dishes","slug":"cleaning-dishes","name":"Dishwashing","productInfos":[{"id":"5bd79a1352afce000f044dd5","vendor":"ECOS","name":"Free & Clear Dish Soap","url":"/sfbay/ecossfbay/free-clear-dish-soap/5bd79a1352afce000f044dd5","vendorUrl":"/ecossfbay","isMealPlan":false},{"id":"5bd79b8552afce000f044de8","vendor":"ECOS","name":"Grapefruit Dish Soap","url":"/sfbay/ecossfbay/grapefruit-dish-soap/5bd79b8552afce000f044de8","vendorUrl":"/ecossfbay","isMealPlan":false},{"id":"5bd79c2a52afce000f044e0d","vendor":"ECOS","name":"Lavender Dish Soap","url":"/sfbay/ecossfbay/lavender-dish-soap/5bd79c2a52afce000f044e0d","vendorUrl":"/ecossfbay","isMealPlan":false},{"id":"5bd79f04ddee9d000fdfe61d","vendor":"ECOS","name":"Free & Clear Dishwasher Gel","url":"/sfbay/ecossfbay/free-clear-dishwasher-gel/5bd79f04ddee9d000fdfe61d","vendorUrl":"/ecossfbay","isMealPlan":false},{"id":"5bd787afddee9d000fdfe3a9","vendor":"Seventh Generation","name":"Free & Clear Dishwasher Detergent Packs","url":"/sfbay/seventhgenerationsfbay/free-clear-dishwasher-detergent-packs/5bd787afddee9d000fdfe3a9","vendorUrl":"/seventhgenerationsfbay","isMealPlan":false},{"id":"5bd7847852afce000f044979","vendor":"Seventh Generation","name":"Free & Clear Dishwasher Detergent Powder","url":"/sfbay/seventhgenerationsfbay/free-clear-dishwasher-detergent-powder/5bd7847852afce000f044979","vendorUrl":"/seventhgenerationsfbay","isMealPlan":false}]},{"tag":"cleaning-soap","slug":"cleaning-soap","name":"Hand Soap & Sanitizer","productInfos":[{"id":"5bd7cd4452afce000f045032","vendor":"EO/Everyone","name":"Meyer Lemon & Mandarin Hand Soap","url":"/sfbay/eoproductssfbay/meyer-lemon-mandarin-hand-soap/5bd7cd4452afce000f045032","vendorUrl":"/eoproductssfbay","isMealPlan":false},{"id":"5bd7ce4352afce000f045045","vendor":"EO/Everyone","name":"Lavender & Coconut Hand Soap","url":"/sfbay/eoproductssfbay/lavender-coconut-hand-soap/5bd7ce4352afce000f045045","vendorUrl":"/eoproductssfbay","isMealPlan":false},{"id":"604a851cbcf73300130e2e51","vendor":"EO/Everyone","name":"Hand Soap Refill - Meyer Lemon Mandarin","url":"/sfbay/eoproductssfbay/hand-soap-refill-meyer-lemon-mandarin/604a851cbcf73300130e2e51","vendorUrl":"/eoproductssfbay","isMealPlan":false},{"id":"604a8762f7699c0012bd657f","vendor":"EO/Everyone","name":"Coconut Lemon Hand Sanitizer Spray","url":"/sfbay/eoproductssfbay/coconut-lemon-hand-sanitizer-spray/604a8762f7699c0012bd657f","vendorUrl":"/eoproductssfbay","isMealPlan":false},{"id":"5bd7a03c52afce000f044e82","vendor":"ECOS","name":"Free & Clear Hand Soap Refill","url":"/sfbay/ecossfbay/free-clear-hand-soap-refill/5bd7a03c52afce000f044e82","vendorUrl":"/ecossfbay","isMealPlan":false}]},{"tag":"cleaning-household","slug":"cleaning-household","name":"Household Cleaners","productInfos":[{"id":"5bd781adddee9d000fdfe0e2","vendor":"Seventh Generation","name":"Lemongrass Citrus Disinfectant Wipes","url":"/sfbay/seventhgenerationsfbay/lemongrass-citrus-disinfectant-wipes/5bd781adddee9d000fdfe0e2","vendorUrl":"/seventhgenerationsfbay","isMealPlan":false},{"id":"5bd78032ddee9d000fdfe055","vendor":"Seventh Generation","name":"Lemongrass Citrus Multi-Surface Cleaner","url":"/sfbay/seventhgenerationsfbay/lemongrass-citrus-multi-surface-cleaner/5bd78032ddee9d000fdfe055","vendorUrl":"/seventhgenerationsfbay","isMealPlan":false},{"id":"5bd79d4252afce000f044e2f","vendor":"ECOS","name":"Orange Plus All Purpose Cleaner","url":"/sfbay/ecossfbay/orange-plus-all-purpose-cleaner/5bd79d4252afce000f044e2f","vendorUrl":"/ecossfbay","isMealPlan":false},{"id":"5bd79e4252afce000f044e65","vendor":"ECOS","name":"Vinegar Window & Glass Cleaner","url":"/sfbay/ecossfbay/vinegar-window-glass-cleaner/5bd79e4252afce000f044e65","vendorUrl":"/ecossfbay","isMealPlan":false},{"id":"5c43881a15a96e000f0e6049","vendor":"Biokleen","name":"All Purpose Cleaner Concentrate","url":"/sfbay/biokleensfbay/all-purpose-cleaner-concentrate/5c43881a15a96e000f0e6049","vendorUrl":"/biokleensfbay","isMealPlan":false}]}]},{"subcategory":{"id":"health-home-laundry","name":"Laundry","sortAlgorithm":"PRODUCT_TYPE_ALPHABETICAL","tags":{"home-laundry":"Laundry"},"categoryId":"health-home","url":"/sfbay/health-home#health-home-laundry","pageUrl":"/sfbay/health-home/health-home-laundry"},"sections":[{"tag":"home-laundry","slug":"home-laundry","name":"Laundry","productInfos":[{"id":"5c3915b44d42c5000ffba091","vendor":"ECOS","name":"Free & Clear Laundry Liquid","url":"/sfbay/ecossfbay/free-clear-laundry-liquid/5c3915b44d42c5000ffba091","vendorUrl":"/ecossfbay","isMealPlan":false},{"id":"5c39183a285c0e000fa64b97","vendor":"ECOS","name":"Lavender Laundry Liquid","url":"/sfbay/ecossfbay/lavender-laundry-liquid/5c39183a285c0e000fa64b97","vendorUrl":"/ecossfbay","isMealPlan":false},{"id":"5c391efd4d42c5000ffba10e","vendor":"Biokleen","name":"Free & Clear Laundry Liquid","url":"/sfbay/biokleensfbay/free-clear-laundry-liquid/5c391efd4d42c5000ffba10e","vendorUrl":"/biokleensfbay","isMealPlan":false},{"id":"5c391f65285c0e000fa64be9","vendor":"Biokleen","name":"Citrus Essence Laundry Liquid","url":"/sfbay/biokleensfbay/citrus-essence-laundry-liquid/5c391f65285c0e000fa64be9","vendorUrl":"/biokleensfbay","isMealPlan":false},{"id":"5c39200b285c0e000fa64bf6","vendor":"Biokleen","name":"Sport Laundry Liquid","url":"/sfbay/biokleensfbay/sport-laundry-liquid/5c39200b285c0e000fa64bf6","vendorUrl":"/biokleensfbay","isMealPlan":false},{"id":"5c39209d4d42c5000ffba12a","vendor":"Biokleen","name":"Free & Clear Laundry Powder","url":"/sfbay/biokleensfbay/free-clear-laundry-powder/5c39209d4d42c5000ffba12a","vendorUrl":"/biokleensfbay","isMealPlan":false},{"id":"5c391a344d42c5000ffba0e3","vendor":"ECOS","name":"Free & Clear Laundry Pods","url":"/sfbay/ecossfbay/free-clear-laundry-pods/5c391a344d42c5000ffba0e3","vendorUrl":"/ecossfbay","isMealPlan":false},{"id":"5c3921ee4d42c5000ffba13e","vendor":"Biokleen","name":"Oxygen Laundry Bleach Plus","url":"/sfbay/biokleensfbay/oxygen-laundry-bleach-plus/5c3921ee4d42c5000ffba13e","vendorUrl":"/biokleensfbay","isMealPlan":false},{"id":"5c3921384d42c5000ffba137","vendor":"Biokleen","name":"Citrus Essence Laundry Powder","url":"/sfbay/biokleensfbay/citrus-essence-laundry-powder/5c3921384d42c5000ffba137","vendorUrl":"/biokleensfbay","isMealPlan":false}]}]},{"subcategory":{"id":"health-home-kitchen","name":"Kitchen Essentials","sortAlgorithm":"PRODUCT_TYPE_ALPHABETICAL","tags":{"kitchen-wraps":"Wraps & Foils","kitchen-compostables":"Compostable Tableware","kitchen-ware":"Cookware & Bakeware","kitchen-filters":"Coffee & Tea Filters","kitchen-storage":"Food Storage"},"categoryId":"health-home","url":"/sfbay/health-home#health-home-kitchen","pageUrl":"/sfbay/health-home/health-home-kitchen"},"sections":[{"tag":"kitchen-wraps","slug":"kitchen-wraps","name":"Wraps & Foils","productInfos":[{"id":"59f8de35857419000dfe1d6a","vendor":"If You Care","name":"Parchment Paper","url":"/sfbay/ifyoucaresfbay/parchment-paper/59f8de35857419000dfe1d6a","vendorUrl":"/ifyoucaresfbay","isMealPlan":false},{"id":"59fa4e806c15c0000bb6c8c3","vendor":"If You Care","name":"Aluminum Foil","url":"/sfbay/ifyoucaresfbay/aluminum-foil/59fa4e806c15c0000bb6c8c3","vendorUrl":"/ifyoucaresfbay","isMealPlan":false},{"id":"59f8de5285f581000bff4f65","vendor":"If You Care","name":"Heavy Duty Aluminum Foil","url":"/sfbay/ifyoucaresfbay/heavy-duty-aluminum-foil/59f8de5285f581000bff4f65","vendorUrl":"/ifyoucaresfbay","isMealPlan":false},{"id":"59f8de4785f581000bff4f5b","vendor":"If You Care","name":"Cotton Twine","url":"/sfbay/ifyoucaresfbay/cotton-twine/59f8de4785f581000bff4f5b","vendorUrl":"/ifyoucaresfbay","isMealPlan":false},{"id":"5bd7c91152afce000f044fc7","vendor":"If You Care","name":"Paper Snack & Sandwich Bags","url":"/sfbay/ifyoucaresfbay/paper-snack-sandwich-bags/5bd7c91152afce000f044fc7","vendorUrl":"/ifyoucaresfbay","isMealPlan":false}]},{"tag":"kitchen-compostables","slug":"kitchen-compostables","name":"Compostable Tableware","productInfos":[{"id":"5bd89a4b52afce000f045ac6","vendor":"World Centric","name":"Compostable Bowls","url":"/sfbay/worldcentricsfbay/compostable-bowls/5bd89a4b52afce000f045ac6","vendorUrl":"/worldcentricsfbay","isMealPlan":false},{"id":"5bd89754ddee9d000fdff2a0","vendor":"World Centric","name":"Compostable Spoons","url":"/sfbay/worldcentricsfbay/compostable-spoons/5bd89754ddee9d000fdff2a0","vendorUrl":"/worldcentricsfbay","isMealPlan":false},{"id":"5bd8960652afce000f0459ed","vendor":"World Centric","name":"Compostable Assorted Cutlery","url":"/sfbay/worldcentricsfbay/compostable-assorted-cutlery/5bd8960652afce000f0459ed","vendorUrl":"/worldcentricsfbay","isMealPlan":false},{"id":"5bd8972d52afce000f045a37","vendor":"World Centric","name":"Compostable Forks","url":"/sfbay/worldcentricsfbay/compostable-forks/5bd8972d52afce000f045a37","vendorUrl":"/worldcentricsfbay","isMealPlan":false},{"id":"5bd89657ddee9d000fdff26d","vendor":"World Centric","name":"Compostable Knives","url":"/sfbay/worldcentricsfbay/compostable-knives/5bd89657ddee9d000fdff26d","vendorUrl":"/worldcentricsfbay","isMealPlan":false},{"id":"5bd89b85ddee9d000fdff33e","vendor":"World Centric","name":"9\" Compostable Plates","url":"/sfbay/worldcentricsfbay/9-compostable-plates/5bd89b85ddee9d000fdff33e","vendorUrl":"/worldcentricsfbay","isMealPlan":false},{"id":"5bd899eb52afce000f045ac0","vendor":"World Centric","name":"6\" Compostable Plates","url":"/sfbay/worldcentricsfbay/6-compostable-plates/5bd899eb52afce000f045ac0","vendorUrl":"/worldcentricsfbay","isMealPlan":false}]},{"tag":"kitchen-filters","slug":"kitchen-filters","name":"Coffee & Tea Filters","productInfos":[{"id":"5d7bda0b22c98d000e0677cf","vendor":"Ebb Filter","name":"Reusable V60 Coffee Filter","url":"/sfbay/ebbfilter/reusable-v60-coffee-filter/5d7bda0b22c98d000e0677cf","vendorUrl":"/ebbfilter","isMealPlan":false},{"id":"5d7bdae3114a44000e34cf2f","vendor":"Ebb Filter","name":"Reusable Coffee Filter Compatible With Chemex\u00ae Coffee Maker","url":"/sfbay/ebbfilter/reusable-coffee-filter-compatible-with-chemex-coffee-maker/5d7bdae3114a44000e34cf2f","vendorUrl":"/ebbfilter","isMealPlan":false},{"id":"5d7bdacf114a44000e34cf28","vendor":"Ebb Filter","name":"Reusable No. 2 Coffee Filter","url":"/sfbay/ebbfilter/reusable-no-2-coffee-filter/5d7bdacf114a44000e34cf28","vendorUrl":"/ebbfilter","isMealPlan":false},{"id":"59fa54bf603832000b39b2df","vendor":"If You Care","name":"No. 4 Coffee Filters","url":"/sfbay/ifyoucaresfbay/no-4-coffee-filters/59fa54bf603832000b39b2df","vendorUrl":"/ifyoucaresfbay","isMealPlan":false},{"id":"59fa54894b9ee8000b186f5e","vendor":"If You Care","name":"No. 2 Coffee Filters","url":"/sfbay/ifyoucaresfbay/no-2-coffee-filters/59fa54894b9ee8000b186f5e","vendorUrl":"/ifyoucaresfbay","isMealPlan":false},{"id":"533613c316c8d602000000d3","vendor":"Five Mountains Heirloom Organic Tea","name":"T-sac Loose Leaf Tea Filters","url":"/sfbay/fivemountainstea/t-sac-loose-leaf-tea-filters/533613c316c8d602000000d3","vendorUrl":"/fivemountainstea","isMealPlan":false}]},{"tag":"kitchen-ware","slug":"kitchen-ware","name":"Cookware & Bakeware","productInfos":[{"id":"5bd7c9deddee9d000fdfe7e9","vendor":"If You Care","name":"Paper Baking Cups","url":"/sfbay/ifyoucaresfbay/paper-baking-cups/5bd7c9deddee9d000fdfe7e9","vendorUrl":"/ifyoucaresfbay","isMealPlan":false},{"id":"5612a7269059a80300b826a0","vendor":"If You Care","name":"Unbleached Cheesecloth","url":"/sfbay/ifyoucaresfbay/unbleached-cheesecloth/5612a7269059a80300b826a0","vendorUrl":"/ifyoucaresfbay","isMealPlan":false},{"id":"5bd89e5bddee9d000fdff3c5","vendor":"If You Care","name":"Paper Loaf Pans","url":"/sfbay/ifyoucaresfbay/paper-loaf-pans/5bd89e5bddee9d000fdff3c5","vendorUrl":"/ifyoucaresfbay","isMealPlan":false},{"id":"5bd89eceddee9d000fdff3d4","vendor":"If You Care","name":"Paper Cake & Pie Pans","url":"/sfbay/ifyoucaresfbay/paper-cake-pie-pans/5bd89eceddee9d000fdff3d4","vendorUrl":"/ifyoucaresfbay","isMealPlan":false},{"id":"5a0256a4d7fa4b000b41cb53","vendor":"Eco-Foil","name":"Recycled Aluminum Roasting Pan","url":"/sfbay/ecofoilsfbay/recycled-aluminum-roasting-pan/5a0256a4d7fa4b000b41cb53","vendorUrl":"/ecofoilsfbay","isMealPlan":false},{"id":"59f8de6a85f581000bff4f70","vendor":"If You Care","name":"Parchment Roasting Bags","url":"/sfbay/ifyoucaresfbay/parchment-roasting-bags/59f8de6a85f581000bff4f70","vendorUrl":"/ifyoucaresfbay","isMealPlan":false}]},{"tag":"kitchen-storage","slug":"kitchen-storage","name":"Food Storage","productInfos":[{"id":"5fbc36d771785b000ea8d0ab","vendor":"Aplat","name":"Casserole Tote - Blackberry","url":"/sfbay/aplat/casserole-tote-blackberry/5fbc36d771785b000ea8d0ab","vendorUrl":"/aplat","isMealPlan":false},{"id":"5fbc385548d36b000e39f4c3","vendor":"Aplat","name":"Single Bottle Wine and Picnic Tote - Merlot","url":"/sfbay/aplat/single-bottle-wine-and-picnic-tote-merlot/5fbc385548d36b000e39f4c3","vendorUrl":"/aplat","isMealPlan":false},{"id":"5fbc317471785b000ea8cff7","vendor":"Aplat","name":"Casserole Tote - Merlot","url":"/sfbay/aplat/casserole-tote-merlot/5fbc317471785b000ea8cff7","vendorUrl":"/aplat","isMealPlan":false},{"id":"5fbc388b48d36b000e39f4e4","vendor":"Aplat","name":"Single Bottle Wine and Picnic Tote - Blackberry","url":"/sfbay/aplat/single-bottle-wine-and-picnic-tote-blackberry/5fbc388b48d36b000e39f4e4","vendorUrl":"/aplat","isMealPlan":false}]}]},{"subcategory":{"id":"health-home-paper","name":"Paper Goods","sortAlgorithm":"PRODUCT_TYPE_ALPHABETICAL","tags":{"paper-goods":"Paper Goods"},"categoryId":"health-home","url":"/sfbay/health-home#health-home-paper","pageUrl":"/sfbay/health-home/health-home-paper"},"sections":[{"tag":"paper-goods","slug":"paper-goods","name":"Paper Goods","productInfos":[{"id":"5bd8b23addee9d000fdff6cb","vendor":"Seventh Generation","name":"Facial Tissue","url":"/sfbay/seventhgenerationsfbay/facial-tissue/5bd8b23addee9d000fdff6cb","vendorUrl":"/seventhgenerationsfbay","isMealPlan":false},{"id":"5fb7184ecfffa7000e2a136e","vendor":"The Cheeky Panda","name":"Tree-Free Kitchen Towels","url":"/sfbay/thecheekypanda/tree-free-kitchen-towels/5fb7184ecfffa7000e2a136e","vendorUrl":"/thecheekypanda","isMealPlan":false},{"id":"59385804d14da5000a2612c7","vendor":"Seventh Generation","name":"Unbleached Paper Towels","url":"/sfbay/seventhgenerationsfbay/unbleached-paper-towels/59385804d14da5000a2612c7","vendorUrl":"/seventhgenerationsfbay","isMealPlan":false},{"id":"593849c4d14da5000a261228","vendor":"Seventh Generation","name":"Chlorine-Free Paper Towels","url":"/sfbay/seventhgenerationsfbay/chlorine-free-paper-towels/593849c4d14da5000a261228","vendorUrl":"/seventhgenerationsfbay","isMealPlan":false},{"id":"5fb718c769835b000efbd41b","vendor":"The Cheeky Panda","name":"Tree-Free Tissues","url":"/sfbay/thecheekypanda/tree-free-tissues/5fb718c769835b000efbd41b","vendorUrl":"/thecheekypanda","isMealPlan":false},{"id":"5fb716a8cfffa7000e2a1364","vendor":"The Cheeky Panda","name":"Tree-Free Bathroom Tissue","url":"/sfbay/thecheekypanda/tree-free-bathroom-tissue/5fb716a8cfffa7000e2a1364","vendorUrl":"/thecheekypanda","isMealPlan":false},{"id":"5fb7166269835b000efbd3ff","vendor":"The Cheeky Panda","name":"Tree-Free Bathroom Tissue","url":"/sfbay/thecheekypanda/tree-free-bathroom-tissue/5fb7166269835b000efbd3ff","vendorUrl":"/thecheekypanda","isMealPlan":false}]}]},{"subcategory":{"id":"health-home-trash","name":"Trash & Compost","sortAlgorithm":"PRODUCT_TYPE_ALPHABETICAL","tags":{"trash-compost":"Trash & Compost"},"categoryId":"health-home","url":"/sfbay/health-home#health-home-trash","pageUrl":"/sfbay/health-home/health-home-trash"},"sections":[{"tag":"trash-compost","slug":"trash-compost","name":"Trash & Compost","productInfos":[{"id":"59b6ff7a45ac2c000b303bdb","vendor":"EcoSafe Zero Waste","name":"Tall Kitchen Compostable Bags","url":"/sfbay/ecosafesfbay/tall-kitchen-compostable-bags/59b6ff7a45ac2c000b303bdb","vendorUrl":"/ecosafesfbay","isMealPlan":false},{"id":"59b6ff1945ac2c000b303bd0","vendor":"EcoSafe Zero Waste","name":"Mini Kitchen Compostable Bags","url":"/sfbay/ecosafesfbay/mini-kitchen-compostable-bags/59b6ff1945ac2c000b303bd0","vendorUrl":"/ecosafesfbay","isMealPlan":false},{"id":"59b701be9e4087000b8cee44","vendor":"EcoSafe Zero Waste","name":"Bulk Mini Kitchen Compostable Bags","url":"/sfbay/ecosafesfbay/bulk-mini-kitchen-compostable-bags/59b701be9e4087000b8cee44","vendorUrl":"/ecosafesfbay","isMealPlan":false},{"id":"5c45fe8dd1ecc5000fbea7f3","vendor":"Seventh Generation","name":"Tall Kitchen Trash Bags","url":"/sfbay/seventhgenerationsfbay/tall-kitchen-trash-bags/5c45fe8dd1ecc5000fbea7f3","vendorUrl":"/seventhgenerationsfbay","isMealPlan":false}]}]},{"subcategory":{"id":"health-home-hygiene","name":"Personal Care","sortAlgorithm":"PRODUCT_TYPE_ALPHABETICAL","tags":{"personal-hygiene":"Personal Care"},"categoryId":"health-home","url":"/sfbay/health-home#health-home-hygiene","pageUrl":"/sfbay/health-home/health-home-hygiene"},"sections":[{"tag":"personal-hygiene","slug":"personal-hygiene","name":"Personal Care","productInfos":[{"id":"598a443195ebf2000bc2f64e","vendor":"Seventh Generation","name":"Ultra-Thin Pads","url":"/sfbay/seventhgenerationsfbay/ultra-thin-pads/598a443195ebf2000bc2f64e","vendorUrl":"/seventhgenerationsfbay","isMealPlan":false},{"id":"598a430b95ebf2000bc2f649","vendor":"Seventh Generation","name":"Pantiliners","url":"/sfbay/seventhgenerationsfbay/pantiliners/598a430b95ebf2000bc2f649","vendorUrl":"/seventhgenerationsfbay","isMealPlan":false}]}]},{"subcategory":{"id":"health-home-wellness","name":"Wellness","sortAlgorithm":"PRODUCT_TYPE_ALPHABETICAL","tags":{"protein-powders":"Protein Powders","functional-beverages":"Functional Beverages","functional-blends":"Blends & Boosts","wellness-shots":"Wellness Shots","protein-energy-bars":"Protein & Energy Bars"},"categoryId":"health-home","url":"/sfbay/health-home#health-home-wellness","pageUrl":"/sfbay/health-home/health-home-wellness"},"sections":[{"tag":"protein-energy-bars","slug":"protein-energy-bars","name":"Protein & Energy Bars","productInfos":[{"id":"5b35bdf9ee41d0000f529d54","vendor":"Clif Bar","name":"Case of Chocolate Peanut Butter Builder's Bars","url":"/sfbay/clifbarsfbay/case-of-chocolate-peanut-butter-builders-bars/5b35bdf9ee41d0000f529d54","vendorUrl":"/clifbarsfbay","isMealPlan":false},{"id":"5ab2ebaaadda67000ce03bcd","vendor":"Clif Bar","name":"Chocolate Peanut Butter Builder's Bar","url":"/sfbay/clifbarsfbay/chocolate-peanut-butter-builders-bar/5ab2ebaaadda67000ce03bcd","vendorUrl":"/clifbarsfbay","isMealPlan":false},{"id":"5eacabd42df849000e68ec32","vendor":"Aloha ","name":"Chocolate Mint Protein Bar","url":"/sfbay/aloha/chocolate-mint-protein-bar/5eacabd42df849000e68ec32","vendorUrl":"/aloha","isMealPlan":false},{"id":"5eacac02ed6043000e7a90e2","vendor":"Aloha ","name":"Chocolate Chip Cookie Dough Protein Bar","url":"/sfbay/aloha/chocolate-chip-cookie-dough-protein-bar/5eacac02ed6043000e7a90e2","vendorUrl":"/aloha","isMealPlan":false},{"id":"5eacab382df849000e68ec19","vendor":"Aloha ","name":"Peanut Butter Chocolate Chip Protein Bar","url":"/sfbay/aloha/peanut-butter-chocolate-chip-protein-bar/5eacab382df849000e68ec19","vendorUrl":"/aloha","isMealPlan":false},{"id":"5876b8db55feea000a80d555","vendor":"Perfect Bar","name":"Case of Almond Butter Bars","url":"/sfbay/perfectbarsfbay/case-of-almond-butter-bars/5876b8db55feea000a80d555","vendorUrl":"/perfectbarsfbay","isMealPlan":false}]},{"tag":"functional-blends","slug":"functional-blends","name":"Blends & Boosts","productInfos":[{"id":"574390a929bc1c03005f83a9","vendor":"Edison Grainery","name":"Organic Black Chia Seeds","url":"/sfbay/edisongrainerysfbay/organic-black-chia-seeds/574390a929bc1c03005f83a9","vendorUrl":"/edisongrainerysfbay","isMealPlan":false},{"id":"5a46da667decb4000bd2bf2a","vendor":"Navitas Organics","name":"Organic Chia Seeds","url":"/sfbay/navitasorganicssfbay/organic-chia-seeds/5a46da667decb4000bd2bf2a","vendorUrl":"/navitasorganicssfbay","isMealPlan":false},{"id":"5a46d9787decb4000bd2bf24","vendor":"Navitas Organics","name":"Organic Hemp Seeds","url":"/sfbay/navitasorganicssfbay/organic-hemp-seeds/5a46d9787decb4000bd2bf24","vendorUrl":"/navitasorganicssfbay","isMealPlan":false},{"id":"5a46d53bb5af2e000b1fc2df","vendor":"Navitas Organics","name":"Organic Cacao Nibs","url":"/sfbay/navitasorganicssfbay/organic-cacao-nibs/5a46d53bb5af2e000b1fc2df","vendorUrl":"/navitasorganicssfbay","isMealPlan":false},{"id":"5f19f378874d41000fe57427","vendor":"Navitas Organics","name":"Organic Matcha Powder","url":"/sfbay/navitasorganicssfbay/organic-matcha-powder/5f19f378874d41000fe57427","vendorUrl":"/navitasorganicssfbay","isMealPlan":false},{"id":"5a46dbd9b95322000b93be47","vendor":"Navitas Organics","name":"Organic Maca Powder","url":"/sfbay/navitasorganicssfbay/organic-maca-powder/5a46dbd9b95322000b93be47","vendorUrl":"/navitasorganicssfbay","isMealPlan":false},{"id":"5a469deedac127000bfccae0","vendor":"Navitas Organics","name":"Organic Acai Powder","url":"/sfbay/navitasorganicssfbay/organic-acai-powder/5a469deedac127000bfccae0","vendorUrl":"/navitasorganicssfbay","isMealPlan":false},{"id":"5ead99f0d7fa05000eecad7b","vendor":"Navitas Organics","name":"Organic Vanilla & Greens Blend","url":"/sfbay/navitasorganicssfbay/organic-vanilla-greens-blend/5ead99f0d7fa05000eecad7b","vendorUrl":"/navitasorganicssfbay","isMealPlan":false},{"id":"5ead9acabf54c5000ef4e8e2","vendor":"Navitas Organics","name":"Organic Cacao & Greens Blend","url":"/sfbay/navitasorganicssfbay/organic-cacao-greens-blend/5ead9acabf54c5000ef4e8e2","vendorUrl":"/navitasorganicssfbay","isMealPlan":false},{"id":"5bf351282635ba000f91c68f","vendor":"Navitas Organics","name":"Organic Turmeric Powder","url":"/sfbay/navitasorganicssfbay/organic-turmeric-powder/5bf351282635ba000f91c68f","vendorUrl":"/navitasorganicssfbay","isMealPlan":false},{"id":"609ea20c10edec0012c21122","vendor":"Sunwink Herbal Tonics","name":"Berry Calm Superfood Powder","url":"/sfbay/sunwinksfbay/berry-calm-superfood-powder/609ea20c10edec0012c21122","vendorUrl":"/sunwinksfbay","isMealPlan":false},{"id":"609ea7c510edec0012c21123","vendor":"Sunwink Herbal Tonics","name":"Cacao Clarity Superfood Powder","url":"/sfbay/sunwinksfbay/cacao-clarity-superfood-powder/609ea7c510edec0012c21123","vendorUrl":"/sunwinksfbay","isMealPlan":false},{"id":"5f87417f466e7b000e204a98","vendor":"Organic India","name":"Original Psyllium Pre & Probiotic Fiber","url":"/sfbay/organicindiasfbay/original-psyllium-pre-probiotic-fiber/5f87417f466e7b000e204a98","vendorUrl":"/organicindiasfbay","isMealPlan":false},{"id":"5d8283f10c93c7000efa6d52","vendor":"Goldmine","name":"Daily Adaptogen Powder","url":"/sfbay/goldmine/daily-adaptogen-powder/5d8283f10c93c7000efa6d52","vendorUrl":"/goldmine","isMealPlan":false},{"id":"5d828456907f24000eab3c1b","vendor":"Goldmine","name":"Daily Adaptogen Powder","url":"/sfbay/goldmine/daily-adaptogen-powder/5d828456907f24000eab3c1b","vendorUrl":"/goldmine","isMealPlan":false},{"id":"5f92366b7291af000e8964ff","vendor":"Ora Organic","name":"Easy Being Green Superfood Greens Powder","url":"/sfbay/oraorganic/easy-being-green-superfood-greens-powder/5f92366b7291af000e8964ff","vendorUrl":"/oraorganic","isMealPlan":false}]},{"tag":"wellness-shots","slug":"wellness-shots","name":"Wellness Shots","productInfos":[{"id":"57968786bd77e4030000018e","vendor":"Urban Remedy","name":"Organic Turmeric-Relieve","url":"/sfbay/urbanremedy/organic-turmeric-relieve/57968786bd77e4030000018e","vendorUrl":"/urbanremedy","isMealPlan":false},{"id":"6081a2d6412b2300122a6b49","vendor":"Dose","name":"Organic Wellness Shot for your Skin","url":"/sfbay/dose/organic-wellness-shot-for-your-skin/6081a2d6412b2300122a6b49","vendorUrl":"/dose","isMealPlan":false},{"id":"5d0d45f5fbf207000e296a77","vendor":"Vive Organic","name":"Organic Original Immunity Boost","url":"/sfbay/viveorganicsfbay/organic-original-immunity-boost/5d0d45f5fbf207000e296a77","vendorUrl":"/viveorganicsfbay","isMealPlan":false},{"id":"5d0d47a6fbf207000e296b05","vendor":"Vive Organic","name":"Organic Antioxidant Detox","url":"/sfbay/viveorganicsfbay/organic-antioxidant-detox/5d0d47a6fbf207000e296b05","vendorUrl":"/viveorganicsfbay","isMealPlan":false},{"id":"6081afc793b39000122fe22e","vendor":"Dose","name":"Wellness Shot for your Liver","url":"/sfbay/dose/wellness-shot-for-your-liver/6081afc793b39000122fe22e","vendorUrl":"/dose","isMealPlan":false},{"id":"5c1c28b36fea59000f00691f","vendor":"Happy Moose Juice","name":"Hawaiian Healer","url":"/sfbay/happymoosejuicesfbay/hawaiian-healer/5c1c28b36fea59000f00691f","vendorUrl":"/happymoosejuicesfbay","isMealPlan":false},{"id":"5d0d4833fbf207000e296b2d","vendor":"Vive Organic","name":"Organic Cayenne Immunity Boost","url":"/sfbay/viveorganicsfbay/organic-cayenne-immunity-boost/5d0d4833fbf207000e296b2d","vendorUrl":"/viveorganicsfbay","isMealPlan":false},{"id":"5d0d46d5fbf207000e296ac3","vendor":"Vive Organic","name":"Organic Wellness Rescue","url":"/sfbay/viveorganicsfbay/organic-wellness-rescue/5d0d46d5fbf207000e296ac3","vendorUrl":"/viveorganicsfbay","isMealPlan":false},{"id":"6037e424f5c125000e0ea279","vendor":"Happy Moose Juice","name":"Glow Up Beauty Shot","url":"/sfbay/happymoosejuicesfbay/glow-up-beauty-shot/6037e424f5c125000e0ea279","vendorUrl":"/happymoosejuicesfbay","isMealPlan":false},{"id":"5c1c290e6fea59000f006931","vendor":"Happy Moose Juice","name":"Feel Mo' Betta","url":"/sfbay/happymoosejuicesfbay/feel-mo-betta/5c1c290e6fea59000f006931","vendorUrl":"/happymoosejuicesfbay","isMealPlan":false},{"id":"60819ce9062e280012c244ad","vendor":"Dose","name":"Organic Wellness Shot for Soreness","url":"/sfbay/dose/organic-wellness-shot-for-soreness/60819ce9062e280012c244ad","vendorUrl":"/dose","isMealPlan":false},{"id":"6037d71db73943000e6d9019","vendor":"Happy Moose Juice","name":"Belly Boost Shot","url":"/sfbay/happymoosejuicesfbay/belly-boost-shot/6037d71db73943000e6d9019","vendorUrl":"/happymoosejuicesfbay","isMealPlan":false},{"id":"6037e676451540000eafcb5c","vendor":"Happy Moose Juice","name":"Pep In Ya' Step Energy Shot","url":"/sfbay/happymoosejuicesfbay/pep-in-ya-step-energy-shot/6037e676451540000eafcb5c","vendorUrl":"/happymoosejuicesfbay","isMealPlan":false},{"id":"608c6305f8f09f0012ad8cdc","vendor":"Vive Organic","name":"Original Immunity Boost 4-Pack","url":"/sfbay/viveorganicsfbay/original-immunity-boost-4-pack/608c6305f8f09f0012ad8cdc","vendorUrl":"/viveorganicsfbay","isMealPlan":false},{"id":"6081a6a4062e280012c244ae","vendor":"Dose","name":"Organic Wellness Shot for Immunity","url":"/sfbay/dose/organic-wellness-shot-for-immunity/6081a6a4062e280012c244ae","vendorUrl":"/dose","isMealPlan":false},{"id":"5e069dfffd1e25000e8b7bd3","vendor":"Kuli Kuli","name":"Organic \"Stress Be Gone\" Honey Chamomile Moringa Shot","url":"/sfbay/kulikulisfbay/organic-stress-be-gone-honey-chamomile-moringa-shot/5e069dfffd1e25000e8b7bd3","vendorUrl":"/kulikulisfbay","isMealPlan":false},{"id":"5d38be17d189c7000e91f1ac","vendor":"California Juice Company","name":"Organic Focus Shot","url":"/sfbay/californiajuicecosfbay/organic-focus-shot/5d38be17d189c7000e91f1ac","vendorUrl":"/californiajuicecosfbay","isMealPlan":false},{"id":"5d38be5cc473a9000ef274ae","vendor":"California Juice Company","name":"Organic Immunity Shot","url":"/sfbay/californiajuicecosfbay/organic-immunity-shot/5d38be5cc473a9000ef274ae","vendorUrl":"/californiajuicecosfbay","isMealPlan":false},{"id":"608c65fbf8f09f0012ad8cdd","vendor":"Vive Organic","name":"Elderberry Boost Shot","url":"/sfbay/viveorganicsfbay/elderberry-boost-shot/608c65fbf8f09f0012ad8cdd","vendorUrl":"/viveorganicsfbay","isMealPlan":false},{"id":"5e069d7a653c48000e57b8b2","vendor":"Kuli Kuli","name":"Organic \"Get Well Soon\" Vitamin C Moringa Shot","url":"/sfbay/kulikulisfbay/organic-get-well-soon-vitamin-c-moringa-shot/5e069d7a653c48000e57b8b2","vendorUrl":"/kulikulisfbay","isMealPlan":false},{"id":"5d38bea9d189c7000e91f1e7","vendor":"California Juice Company","name":"Organic Revive Shot","url":"/sfbay/californiajuicecosfbay/organic-revive-shot/5d38bea9d189c7000e91f1e7","vendorUrl":"/californiajuicecosfbay","isMealPlan":false},{"id":"608c67e699b4eb00123fefa7","vendor":"Vive Organic","name":"Energy+Focus Immunity Shot","url":"/sfbay/viveorganicsfbay/energy-focus-immunity-shot/608c67e699b4eb00123fefa7","vendorUrl":"/viveorganicsfbay","isMealPlan":false},{"id":"608c64dc282e1e0012b89e93","vendor":"Vive Organic","name":"Elderberry Boost 4-Pack","url":"/sfbay/viveorganicsfbay/elderberry-boost-4-pack/608c64dc282e1e0012b89e93","vendorUrl":"/viveorganicsfbay","isMealPlan":false}]},{"tag":"protein-powders","slug":"protein-powders","name":"Protein Powders","productInfos":[{"id":"5eaca531ed6043000e7a9087","vendor":"Aloha ","name":"Chocolate Plant Based Protein Powder","url":"/sfbay/aloha/chocolate-plant-based-protein-powder/5eaca531ed6043000e7a9087","vendorUrl":"/aloha","isMealPlan":false},{"id":"5eaca4e52df849000e68ebd0","vendor":"Aloha ","name":"Vanilla Plant Based Protein Powder","url":"/sfbay/aloha/vanilla-plant-based-protein-powder/5eaca4e52df849000e68ebd0","vendorUrl":"/aloha","isMealPlan":false},{"id":"5f9234942d71e9000e321f7d","vendor":"Ora Organic","name":"Vanilla Protein Powder","url":"/sfbay/oraorganic/vanilla-protein-powder/5f9234942d71e9000e321f7d","vendorUrl":"/oraorganic","isMealPlan":false},{"id":"5e7ab93dca280b000e899116","vendor":"Primal Kitchen","name":"Chocolate Coconut Collagen Fuel Canister","url":"/sfbay/primalkitchensfbay/chocolate-coconut-collagen-fuel-canister/5e7ab93dca280b000e899116","vendorUrl":"/primalkitchensfbay","isMealPlan":false},{"id":"5e9646b5bd63a5000e153508","vendor":"Primal Kitchen","name":"Vanilla Coconut Collagen Fuel Canister","url":"/sfbay/primalkitchensfbay/vanilla-coconut-collagen-fuel-canister/5e9646b5bd63a5000e153508","vendorUrl":"/primalkitchensfbay","isMealPlan":false},{"id":"5e964e324340ce000e34a0b0","vendor":"Primal Kitchen","name":"Vanilla Coconut Collagen Fuel, Single Serve","url":"/sfbay/primalkitchensfbay/vanilla-coconut-collagen-fuel-single-serve/5e964e324340ce000e34a0b0","vendorUrl":"/primalkitchensfbay","isMealPlan":false},{"id":"5e964c184340ce000e34a08f","vendor":"Primal Kitchen","name":"Chocolate Coconut Collagen Fuel, Single Serve","url":"/sfbay/primalkitchensfbay/chocolate-coconut-collagen-fuel-single-serve/5e964c184340ce000e34a08f","vendorUrl":"/primalkitchensfbay","isMealPlan":false}]}]},{"subcategory":{"id":"health-home-bath-body","name":"Bath & Body","sortAlgorithm":"PRODUCT_TYPE_POPULAR_SIZE","tags":{"bath-oral":"Oral Care","bath-hair":"Hair Care","bath-sun":"Sun & Bug","bath-aromatherapy":"Essential Oils & Aromatherapy","bath-deodorant":"Deodorant","bath-lotions":"Lotions & Moisturizers","bath-cleansers":"Facial Cleansers & Masks","bath-soap":"Soap & Body Wash","bath-sanitizer":"Hand Sanitizer & Masks"},"categoryId":"health-home","url":"/sfbay/health-home#health-home-bath-body","pageUrl":"/sfbay/health-home/health-home-bath-body"},"sections":[{"tag":"bath-aromatherapy","slug":"bath-aromatherapy","name":"Essential Oils & Aromatherapy","productInfos":[{"id":"5fbc4a6d13d510000e62ee14","vendor":"OM Wellness","name":"CBD Infused Athletic Epsom Salt","url":"/sfbay/omwellness/cbd-infused-athletic-epsom-salt/5fbc4a6d13d510000e62ee14","vendorUrl":"/omwellness","isMealPlan":false},{"id":"5fbc4c0d8feb8f000e7e5bb0","vendor":"OM Wellness","name":"CBD Infused Lavender Epsom Salt","url":"/sfbay/omwellness/cbd-infused-lavender-epsom-salt/5fbc4c0d8feb8f000e7e5bb0","vendorUrl":"/omwellness","isMealPlan":false},{"id":"5fbc49dc8feb8f000e7e5b45","vendor":"OM Wellness","name":"CBD Infused Rose Geranium Epsom Salt","url":"/sfbay/omwellness/cbd-infused-rose-geranium-epsom-salt/5fbc49dc8feb8f000e7e5b45","vendorUrl":"/omwellness","isMealPlan":false},{"id":"5fbc4b998feb8f000e7e5b86","vendor":"OM Wellness","name":"CBD Infused Fragrance Free Epsom Salt","url":"/sfbay/omwellness/cbd-infused-fragrance-free-epsom-salt/5fbc4b998feb8f000e7e5b86","vendorUrl":"/omwellness","isMealPlan":false},{"id":"5fbc54389726cd000eb3df5c","vendor":"OM Wellness","name":"CBD Infused Rose Geranium Bath and Body Oil","url":"/sfbay/omwellness/cbd-infused-rose-geranium-bath-and-body-oil/5fbc54389726cd000eb3df5c","vendorUrl":"/omwellness","isMealPlan":false},{"id":"5fbc5016bae6f1000e3ec34d","vendor":"OM Wellness","name":"CBD Infused Lavender Bath and Body Oil","url":"/sfbay/omwellness/cbd-infused-lavender-bath-and-body-oil/5fbc5016bae6f1000e3ec34d","vendorUrl":"/omwellness","isMealPlan":false},{"id":"5fbc565295876f000f0a5181","vendor":"OM Wellness","name":"CBD Infused Fragrance Free Bath and Body Oil","url":"/sfbay/omwellness/cbd-infused-fragrance-free-bath-and-body-oil/5fbc565295876f000f0a5181","vendorUrl":"/omwellness","isMealPlan":false},{"id":"5fc949300de7bd000feb9365","vendor":"Juniper Ridge","name":"Coast Gift Set","url":"/sfbay/juniperridge/coast-gift-set/5fc949300de7bd000feb9365","vendorUrl":"/juniperridge","isMealPlan":false},{"id":"5fc95d40fa0218000e6487d3","vendor":"Juniper Ridge","name":"Desert Gift Set","url":"/sfbay/juniperridge/desert-gift-set/5fc95d40fa0218000e6487d3","vendorUrl":"/juniperridge","isMealPlan":false},{"id":"5fc964960cc199000e32fa82","vendor":"Juniper Ridge","name":"Holiday Gift Set","url":"/sfbay/juniperridge/holiday-gift-set/5fc964960cc199000e32fa82","vendorUrl":"/juniperridge","isMealPlan":false},{"id":"5fc9672b33e18d000e5e80a7","vendor":"Juniper Ridge","name":"Essential Oil Gift Pack","url":"/sfbay/juniperridge/essential-oil-gift-pack/5fc9672b33e18d000e5e80a7","vendorUrl":"/juniperridge","isMealPlan":false}]},{"tag":"bath-soap","slug":"bath-soap","name":"Soap & Body Wash","productInfos":[{"id":"5bd7cd4452afce000f045032","vendor":"EO/Everyone","name":"Meyer Lemon & Mandarin Hand Soap","url":"/sfbay/eoproductssfbay/meyer-lemon-mandarin-hand-soap/5bd7cd4452afce000f045032","vendorUrl":"/eoproductssfbay","isMealPlan":false},{"id":"5bd7ce4352afce000f045045","vendor":"EO/Everyone","name":"Lavender & Coconut Hand Soap","url":"/sfbay/eoproductssfbay/lavender-coconut-hand-soap/5bd7ce4352afce000f045045","vendorUrl":"/eoproductssfbay","isMealPlan":false},{"id":"604a851cbcf73300130e2e51","vendor":"EO/Everyone","name":"Hand Soap Refill - Meyer Lemon Mandarin","url":"/sfbay/eoproductssfbay/hand-soap-refill-meyer-lemon-mandarin/604a851cbcf73300130e2e51","vendorUrl":"/eoproductssfbay","isMealPlan":false},{"id":"6079ebf9c8e29000124e2b0d","vendor":"Andalou Naturals","name":"1000 Roses Soothing Shower Gel","url":"/sfbay/andalounaturals/1000-roses-soothing-shower-gel/6079ebf9c8e29000124e2b0d","vendorUrl":"/andalounaturals","isMealPlan":false},{"id":"604a896069b24200121f2f6b","vendor":"EO/Everyone","name":"Orange Squeeze Kids 3 in 1 Soap","url":"/sfbay/eoproductssfbay/orange-squeeze-kids-3-in-1-soap/604a896069b24200121f2f6b","vendorUrl":"/eoproductssfbay","isMealPlan":false},{"id":"604a8f70acff8900125ed066","vendor":"EO/Everyone","name":"Unscented 3 in 1 Soap","url":"/sfbay/eoproductssfbay/unscented-3-in-1-soap/604a8f70acff8900125ed066","vendorUrl":"/eoproductssfbay","isMealPlan":false},{"id":"604a8b58acff8900125ed065","vendor":"EO/Everyone","name":"Lavender Lullaby Kids 3 in 1 Soap","url":"/sfbay/eoproductssfbay/lavender-lullaby-kids-3-in-1-soap/604a8b58acff8900125ed065","vendorUrl":"/eoproductssfbay","isMealPlan":false},{"id":"6079ece4844953001228e990","vendor":"Andalou Naturals","name":"Citrus Sunflower Uplifting Shower Gel","url":"/sfbay/andalounaturals/citrus-sunflower-uplifting-shower-gel/6079ece4844953001228e990","vendorUrl":"/andalounaturals","isMealPlan":false},{"id":"6079eaeb90b9c70012693dfb","vendor":"Andalou Naturals","name":"Lavender Thyme Refreshing Shower Gel","url":"/sfbay/andalounaturals/lavender-thyme-refreshing-shower-gel/6079eaeb90b9c70012693dfb","vendorUrl":"/andalounaturals","isMealPlan":false},{"id":"604a8a59f7699c0012bd6580","vendor":"EO/Everyone","name":"Tropical Coconut Twist Kids 3 in 1 Soap","url":"/sfbay/eoproductssfbay/tropical-coconut-twist-kids-3-in-1-soap/604a8a59f7699c0012bd6580","vendorUrl":"/eoproductssfbay","isMealPlan":false},{"id":"6079e8d5844953001228e98f","vendor":"Andalou Naturals","name":"1000 Roses Soothing Shower Gel","url":"/sfbay/andalounaturals/1000-roses-soothing-shower-gel/6079e8d5844953001228e98f","vendorUrl":"/andalounaturals","isMealPlan":false},{"id":"5fc949300de7bd000feb9365","vendor":"Juniper Ridge","name":"Coast Gift Set","url":"/sfbay/juniperridge/coast-gift-set/5fc949300de7bd000feb9365","vendorUrl":"/juniperridge","isMealPlan":false},{"id":"5fc95d40fa0218000e6487d3","vendor":"Juniper Ridge","name":"Desert Gift Set","url":"/sfbay/juniperridge/desert-gift-set/5fc95d40fa0218000e6487d3","vendorUrl":"/juniperridge","isMealPlan":false},{"id":"5fc964960cc199000e32fa82","vendor":"Juniper Ridge","name":"Holiday Gift Set","url":"/sfbay/juniperridge/holiday-gift-set/5fc964960cc199000e32fa82","vendorUrl":"/juniperridge","isMealPlan":false}]},{"tag":"bath-deodorant","slug":"bath-deodorant","name":"Deodorant","productInfos":[{"id":"604a9515acff8900125ed068","vendor":"EO/Everyone","name":"Organic Citrus Deodorant Spray","url":"/sfbay/eoproductssfbay/organic-citrus-deodorant-spray/604a9515acff8900125ed068","vendorUrl":"/eoproductssfbay","isMealPlan":false},{"id":"6079dbde513fe4001246ec6c","vendor":"Andalou Naturals","name":"Rose Pomegranate Botanical Deodorant","url":"/sfbay/andalounaturals/rose-pomegranate-botanical-deodorant/6079dbde513fe4001246ec6c","vendorUrl":"/andalounaturals","isMealPlan":false},{"id":"6079d8eb513fe4001246ec6b","vendor":"Andalou Naturals","name":"Lavender Thyme Botanical Deodorant","url":"/sfbay/andalounaturals/lavender-thyme-botanical-deodorant/6079d8eb513fe4001246ec6b","vendorUrl":"/andalounaturals","isMealPlan":false},{"id":"604a939bbcf73300130e2e58","vendor":"EO/Everyone","name":"Organic Lavender Deodorant Spray","url":"/sfbay/eoproductssfbay/organic-lavender-deodorant-spray/604a939bbcf73300130e2e58","vendorUrl":"/eoproductssfbay","isMealPlan":false}]},{"tag":"bath-hair","slug":"bath-hair","name":"Hair Care","productInfos":[{"id":"607a0787513fe4001246ec73","vendor":"Andalou Naturals","name":"Full Volume Lavender and Biotin Shampoo","url":"/sfbay/andalounaturals/full-volume-lavender-and-biotin-shampoo/607a0787513fe4001246ec73","vendorUrl":"/andalounaturals","isMealPlan":false},{"id":"6079e261513fe4001246ec6e","vendor":"Andalou Naturals","name":"Moisture Rich Argan Oil & Shea Conditioner","url":"/sfbay/andalounaturals/moisture-rich-argan-oil-shea-conditioner/6079e261513fe4001246ec6e","vendorUrl":"/andalounaturals","isMealPlan":false},{"id":"6079de06513fe4001246ec6d","vendor":"Andalou Naturals","name":"Moisture Rich Argan Oil & Shea Shampoo","url":"/sfbay/andalounaturals/moisture-rich-argan-oil-shea-shampoo/6079de06513fe4001246ec6d","vendorUrl":"/andalounaturals","isMealPlan":false},{"id":"6079f6e3844953001228e992","vendor":"Andalou Naturals","name":"Moisture Rich Argan Oil & Shea Conditioner","url":"/sfbay/andalounaturals/moisture-rich-argan-oil-shea-conditioner/6079f6e3844953001228e992","vendorUrl":"/andalounaturals","isMealPlan":false},{"id":"6079c4f71f39cb0012bf5363","vendor":"Andalou Naturals","name":"Age Defying Argan Oil Stem Cell Shampoo","url":"/sfbay/andalounaturals/age-defying-argan-oil-stem-cell-shampoo/6079c4f71f39cb0012bf5363","vendorUrl":"/andalounaturals","isMealPlan":false},{"id":"607a0e80844953001228e996","vendor":"Andalou Naturals","name":"Color Care 1000 Roses Complex Shampoo","url":"/sfbay/andalounaturals/color-care-1000-roses-complex-shampoo/607a0e80844953001228e996","vendorUrl":"/andalounaturals","isMealPlan":false},{"id":"6079f03d90b9c70012693dfd","vendor":"Andalou Naturals","name":"Moisture Rich Argan Oil & Shea Shampoo","url":"/sfbay/andalounaturals/moisture-rich-argan-oil-shea-shampoo/6079f03d90b9c70012693dfd","vendorUrl":"/andalounaturals","isMealPlan":false},{"id":"607a0d19844953001228e995","vendor":"Andalou Naturals","name":"Full Volume Lavender and Biotin Conditioner","url":"/sfbay/andalounaturals/full-volume-lavender-and-biotin-conditioner/607a0d19844953001228e995","vendorUrl":"/andalounaturals","isMealPlan":false},{"id":"607a1268c8e29000124e2b10","vendor":"Andalou Naturals","name":"Color Care 1000 Roses Complex Conditioner","url":"/sfbay/andalounaturals/color-care-1000-roses-complex-conditioner/607a1268c8e29000124e2b10","vendorUrl":"/andalounaturals","isMealPlan":false}]},{"tag":"bath-sanitizer","slug":"bath-sanitizer","name":"Hand Sanitizer & Masks","productInfos":[{"id":"604a883e69b24200121f2f6a","vendor":"EO/Everyone","name":"Ruby Grapefruit Hand Sanitizer Spray","url":"/sfbay/eoproductssfbay/ruby-grapefruit-hand-sanitizer-spray/604a883e69b24200121f2f6a","vendorUrl":"/eoproductssfbay","isMealPlan":false},{"id":"604a8762f7699c0012bd657f","vendor":"EO/Everyone","name":"Coconut Lemon Hand Sanitizer Spray","url":"/sfbay/eoproductssfbay/coconut-lemon-hand-sanitizer-spray/604a8762f7699c0012bd657f","vendorUrl":"/eoproductssfbay","isMealPlan":false},{"id":"5fbc39c13d337b000ea19151","vendor":"Aplat","name":"Cotton Face Mask - Merlot","url":"/sfbay/aplat/cotton-face-mask-merlot/5fbc39c13d337b000ea19151","vendorUrl":"/aplat","isMealPlan":false},{"id":"5fbc39eb8feb8f000e7e5973","vendor":"Aplat","name":"Cotton Face Mask - Blackberry","url":"/sfbay/aplat/cotton-face-mask-blackberry/5fbc39eb8feb8f000e7e5973","vendorUrl":"/aplat","isMealPlan":false}]},{"tag":"bath-lotions","slug":"bath-lotions","name":"Lotions & Moisturizers","productInfos":[{"id":"607a1cf7c8e29000124e2b12","vendor":"Andalou Naturals","name":"1000 Roses Soothing Body Lotion","url":"/sfbay/andalounaturals/1000-roses-soothing-body-lotion/607a1cf7c8e29000124e2b12","vendorUrl":"/andalounaturals","isMealPlan":false},{"id":"604a92d7f7699c0012bd65bc","vendor":"EO/Everyone","name":"Unscented Lotion","url":"/sfbay/eoproductssfbay/unscented-lotion/604a92d7f7699c0012bd65bc","vendorUrl":"/eoproductssfbay","isMealPlan":false},{"id":"604a91c6f7699c0012bd65ba","vendor":"EO/Everyone","name":"Lavender & Aloe Lotion","url":"/sfbay/eoproductssfbay/lavender-aloe-lotion/604a91c6f7699c0012bd65ba","vendorUrl":"/eoproductssfbay","isMealPlan":false},{"id":"607a1b2c513fe4001246ec78","vendor":"Andalou Naturals","name":"1000 Roses Soothing Body Lotion","url":"/sfbay/andalounaturals/1000-roses-soothing-body-lotion/607a1b2c513fe4001246ec78","vendorUrl":"/andalounaturals","isMealPlan":false},{"id":"604a905abcf73300130e2e57","vendor":"EO/Everyone","name":"Coconut & Lemon Lotion","url":"/sfbay/eoproductssfbay/coconut-lemon-lotion/604a905abcf73300130e2e57","vendorUrl":"/eoproductssfbay","isMealPlan":false},{"id":"607a1587513fe4001246ec76","vendor":"Andalou Naturals","name":"Lavender Thyme Refreshing Body Lotion","url":"/sfbay/andalounaturals/lavender-thyme-refreshing-body-lotion/607a1587513fe4001246ec76","vendorUrl":"/andalounaturals","isMealPlan":false},{"id":"607a1da1844953001228e99a","vendor":"Andalou Naturals","name":"Citrus Sunflower Uplifting Body Lotion","url":"/sfbay/andalounaturals/citrus-sunflower-uplifting-body-lotion/607a1da1844953001228e99a","vendorUrl":"/andalounaturals","isMealPlan":false}]}]},{"subcategory":{"id":"health-home-vitamins-supplements","name":"Vitamins & Supplements","sortAlgorithm":"PRODUCT_TYPE_POPULAR_SIZE","tags":{"letter-vitamins":"Letter Vitamins","multivitamins":"Multivitamins","vitamins-omegas":"Omegas & Fish Oil","vitamins-probiotics":"Probiotics & Digestion","vitamins-homeopathy":"Herbs & Homeopathy","vitamins-minerals":"Minerals","vitamins-gummies":"Gummies","vitamins-natal":"Prenatal & Postnatal","vitamins-immunity":"Immunity","vitamins-sleep":"Sleep & Stress","vitamins-extracts":"Tinctures & Extracts"},"categoryId":"health-home","url":"/sfbay/health-home#health-home-vitamins-supplements","pageUrl":"/sfbay/health-home/health-home-vitamins-supplements"},"sections":[{"tag":"vitamins-sleep","slug":"vitamins-sleep","name":"Sleep & Stress","productInfos":[{"id":"5fa9f0650f2c17000e7ba40d","vendor":"Nordic Naturals Inc.","name":"Melatonin Gummies","url":"/sfbay/nordicnaturals/melatonin-gummies/5fa9f0650f2c17000e7ba40d","vendorUrl":"/nordicnaturals","isMealPlan":false},{"id":"5f9233e77291af000e8964b9","vendor":"Ora Organic","name":"You're a Knockout Sleep & Stress","url":"/sfbay/oraorganic/you-re-a-knockout-sleep-stress/5f9233e77291af000e8964b9","vendorUrl":"/oraorganic","isMealPlan":false}]},{"tag":"vitamins-gummies","slug":"vitamins-gummies","name":"Gummies","productInfos":[{"id":"5fa9fd7f062445000eb2b582","vendor":"Nordic Naturals Inc.","name":"Wild Berries Vitamin D3 Gummies","url":"/sfbay/nordicnaturals/wild-berries-vitamin-d3-gummies/5fa9fd7f062445000eb2b582","vendorUrl":"/nordicnaturals","isMealPlan":false},{"id":"5fa9ef330f2c17000e7ba3f3","vendor":"Nordic Naturals Inc.","name":"Vitamin D3 Gummies for Kids","url":"/sfbay/nordicnaturals/vitamin-d3-gummies-for-kids/5fa9ef330f2c17000e7ba3f3","vendorUrl":"/nordicnaturals","isMealPlan":false},{"id":"5fa9f0650f2c17000e7ba40d","vendor":"Nordic Naturals Inc.","name":"Melatonin Gummies","url":"/sfbay/nordicnaturals/melatonin-gummies/5fa9f0650f2c17000e7ba40d","vendorUrl":"/nordicnaturals","isMealPlan":false},{"id":"5fa9ef33062445000eb2b526","vendor":"Nordic Naturals Inc.","name":"Children's DHA Gummies","url":"/sfbay/nordicnaturals/childrens-dha-gummies/5fa9ef33062445000eb2b526","vendorUrl":"/nordicnaturals","isMealPlan":false},{"id":"5fa9eea0062445000eb2b50c","vendor":"Nordic Naturals Inc.","name":"Citrus Nordic Berries Multivitamins","url":"/sfbay/nordicnaturals/citrus-nordic-berries-multivitamins/5fa9eea0062445000eb2b50c","vendorUrl":"/nordicnaturals","isMealPlan":false},{"id":"5fa9f101062445000eb2b540","vendor":"Nordic Naturals Inc.","name":"Vitamin C Gummies","url":"/sfbay/nordicnaturals/vitamin-c-gummies/5fa9f101062445000eb2b540","vendorUrl":"/nordicnaturals","isMealPlan":false},{"id":"5faa042e062445000eb2b595","vendor":"Nordic Naturals Inc.","name":"Nordic Probiotic Gummies for Kids","url":"/sfbay/nordicnaturals/nordic-probiotic-gummies-for-kids/5faa042e062445000eb2b595","vendorUrl":"/nordicnaturals","isMealPlan":false},{"id":"5f88ceb313cb21000e556ca4","vendor":"Wedderspoon","name":"Manuka Honey Citrus Immunity Gummies","url":"/sfbay/wedderspoonsfbay/manuka-honey-citrus-immunity-gummies/5f88ceb313cb21000e556ca4","vendorUrl":"/wedderspoonsfbay","isMealPlan":false},{"id":"5f88cc4ecc2063000e68e60d","vendor":"Wedderspoon","name":"Manuka Honey Berry Immunity Gummies","url":"/sfbay/wedderspoonsfbay/manuka-honey-berry-immunity-gummies/5f88cc4ecc2063000e68e60d","vendorUrl":"/wedderspoonsfbay","isMealPlan":false}]},{"tag":"vitamins-omegas","slug":"vitamins-omegas","name":"Omegas & Fish Oil","productInfos":[{"id":"5fa9ef33062445000eb2b526","vendor":"Nordic Naturals Inc.","name":"Children's DHA Gummies","url":"/sfbay/nordicnaturals/childrens-dha-gummies/5fa9ef33062445000eb2b526","vendorUrl":"/nordicnaturals","isMealPlan":false},{"id":"5fa9efd00f2c17000e7ba3fd","vendor":"Nordic Naturals Inc.","name":"Ultimate Omega","url":"/sfbay/nordicnaturals/ultimate-omega/5fa9efd00f2c17000e7ba3fd","vendorUrl":"/nordicnaturals","isMealPlan":false},{"id":"5fa9f20c062445000eb2b54c","vendor":"Nordic Naturals Inc.","name":"Arctic Cod Liver Oil Soft Gels","url":"/sfbay/nordicnaturals/arctic-cod-liver-oil-soft-gels/5fa9f20c062445000eb2b54c","vendorUrl":"/nordicnaturals","isMealPlan":false},{"id":"5fa9f3950f2c17000e7ba423","vendor":"Nordic Naturals Inc.","name":"Omega Joint","url":"/sfbay/nordicnaturals/omega-joint/5fa9f3950f2c17000e7ba423","vendorUrl":"/nordicnaturals","isMealPlan":false}]},{"tag":"multivitamins","slug":"multivitamins","name":"Multivitamins","productInfos":[{"id":"5fa9eea0062445000eb2b50c","vendor":"Nordic Naturals Inc.","name":"Citrus Nordic Berries Multivitamins","url":"/sfbay/nordicnaturals/citrus-nordic-berries-multivitamins/5fa9eea0062445000eb2b50c","vendorUrl":"/nordicnaturals","isMealPlan":false},{"id":"5f9235982d71e9000e321f9e","vendor":"Ora Organic","name":"Hair Skin & Nails Support Supplement","url":"/sfbay/oraorganic/hair-skin-nails-support-supplement/5f9235982d71e9000e321f9e","vendorUrl":"/oraorganic","isMealPlan":false}]},{"tag":"letter-vitamins","slug":"letter-vitamins","name":"Letter Vitamins","productInfos":[{"id":"5fa9fd7f062445000eb2b582","vendor":"Nordic Naturals Inc.","name":"Wild Berries Vitamin D3 Gummies","url":"/sfbay/nordicnaturals/wild-berries-vitamin-d3-gummies/5fa9fd7f062445000eb2b582","vendorUrl":"/nordicnaturals","isMealPlan":false},{"id":"5fa9ef330f2c17000e7ba3f3","vendor":"Nordic Naturals Inc.","name":"Vitamin D3 Gummies for Kids","url":"/sfbay/nordicnaturals/vitamin-d3-gummies-for-kids/5fa9ef330f2c17000e7ba3f3","vendorUrl":"/nordicnaturals","isMealPlan":false},{"id":"5f9233142d71e9000e321f59","vendor":"Ora Organic","name":"Sol Food - Vitamin D Tablets","url":"/sfbay/oraorganic/sol-food-vitamin-d-tablets/5f9233142d71e9000e321f59","vendorUrl":"/oraorganic","isMealPlan":false},{"id":"5fa9f101062445000eb2b540","vendor":"Nordic Naturals Inc.","name":"Vitamin C Gummies","url":"/sfbay/nordicnaturals/vitamin-c-gummies/5fa9f101062445000eb2b540","vendorUrl":"/nordicnaturals","isMealPlan":false}]},{"tag":"vitamins-probiotics","slug":"vitamins-probiotics","name":"Probiotics & Digestion","productInfos":[{"id":"6000d19a2957b0000ee13425","vendor":"Urban Moonshine","name":"Organic Original Digestive Bitters Dropper","url":"/sfbay/urbanmoonshine/organic-original-digestive-bitters-dropper/6000d19a2957b0000ee13425","vendorUrl":"/urbanmoonshine","isMealPlan":false},{"id":"6000d3462957b0000ee13727","vendor":"Urban Moonshine","name":"Organic Citrus Digestive Bitters Dropper","url":"/sfbay/urbanmoonshine/organic-citrus-digestive-bitters-dropper/6000d3462957b0000ee13727","vendorUrl":"/urbanmoonshine","isMealPlan":false},{"id":"5faa042e062445000eb2b595","vendor":"Nordic Naturals Inc.","name":"Nordic Probiotic Gummies for Kids","url":"/sfbay/nordicnaturals/nordic-probiotic-gummies-for-kids/5faa042e062445000eb2b595","vendorUrl":"/nordicnaturals","isMealPlan":false},{"id":"5f9232737291af000e89648f","vendor":"Ora Organic","name":"Organic Probiotics with Prebiotic Powder Apple Raspberry","url":"/sfbay/oraorganic/organic-probiotics-with-prebiotic-powder-apple-raspberry/5f9232737291af000e89648f","vendorUrl":"/oraorganic","isMealPlan":false},{"id":"5f92300f7291af000e896460","vendor":"Ora Organic","name":"Plant Based Digestive Enzymes Powder","url":"/sfbay/oraorganic/plant-based-digestive-enzymes-powder/5f92300f7291af000e896460","vendorUrl":"/oraorganic","isMealPlan":false},{"id":"5f922f2c2d71e9000e321f00","vendor":"Ora Organic","name":"Vegan Probiotics with Prebiotics Capsules","url":"/sfbay/oraorganic/vegan-probiotics-with-prebiotics-capsules/5f922f2c2d71e9000e321f00","vendorUrl":"/oraorganic","isMealPlan":false},{"id":"5f88cc4ecc2063000e68e60d","vendor":"Wedderspoon","name":"Manuka Honey Berry Immunity Gummies","url":"/sfbay/wedderspoonsfbay/manuka-honey-berry-immunity-gummies/5f88cc4ecc2063000e68e60d","vendorUrl":"/wedderspoonsfbay","isMealPlan":false}]},{"tag":"vitamins-homeopathy","slug":"vitamins-homeopathy","name":"Herbs & Homeopathy","productInfos":[{"id":"5f92317c7291af000e89647c","vendor":"Ora Organic","name":"Turmeric Curcumin Tablets","url":"/sfbay/oraorganic/turmeric-curcumin-tablets/5f92317c7291af000e89647c","vendorUrl":"/oraorganic","isMealPlan":false},{"id":"5f87470e466e7b000e204ceb","vendor":"Organic India","name":"Turmeric Herbal Supplement","url":"/sfbay/organicindiasfbay/turmeric-herbal-supplement/5f87470e466e7b000e204ceb","vendorUrl":"/organicindiasfbay","isMealPlan":false},{"id":"5f874354466e7b000e204ad9","vendor":"Organic India","name":"Ashwagandha Herbal Supplement","url":"/sfbay/organicindiasfbay/ashwagandha-herbal-supplement/5f874354466e7b000e204ad9","vendorUrl":"/organicindiasfbay","isMealPlan":false},{"id":"5f874697466e7b000e204c9d","vendor":"Organic India","name":"Triphala Herbal Supplement","url":"/sfbay/organicindiasfbay/triphala-herbal-supplement/5f874697466e7b000e204c9d","vendorUrl":"/organicindiasfbay","isMealPlan":false},{"id":"5f87453bb0fb2b000ef98497","vendor":"Organic India","name":"Cinnamon Herbal Supplement","url":"/sfbay/organicindiasfbay/cinnamon-herbal-supplement/5f87453bb0fb2b000ef98497","vendorUrl":"/organicindiasfbay","isMealPlan":false},{"id":"5f874608466e7b000e204c4e","vendor":"Organic India","name":"Liver Kidney Herbal Supplement","url":"/sfbay/organicindiasfbay/liver-kidney-herbal-supplement/5f874608466e7b000e204c4e","vendorUrl":"/organicindiasfbay","isMealPlan":false}]},{"tag":"vitamins-natal","slug":"vitamins-natal","name":"Prenatal & Postnatal","productInfos":[{"id":"5fa9ede10f2c17000e7ba3da","vendor":"Nordic Naturals Inc.","name":"Prenatal DHA","url":"/sfbay/nordicnaturals/prenatal-dha/5fa9ede10f2c17000e7ba3da","vendorUrl":"/nordicnaturals","isMealPlan":false}]},{"tag":"vitamins-extracts","slug":"vitamins-extracts","name":"Tinctures & Extracts","productInfos":[{"id":"6000d19a2957b0000ee13425","vendor":"Urban Moonshine","name":"Organic Original Digestive Bitters Dropper","url":"/sfbay/urbanmoonshine/organic-original-digestive-bitters-dropper/6000d19a2957b0000ee13425","vendorUrl":"/urbanmoonshine","isMealPlan":false},{"id":"6000d3462957b0000ee13727","vendor":"Urban Moonshine","name":"Organic Citrus Digestive Bitters Dropper","url":"/sfbay/urbanmoonshine/organic-citrus-digestive-bitters-dropper/6000d3462957b0000ee13727","vendorUrl":"/urbanmoonshine","isMealPlan":false},{"id":"6001d216a5c39f000f1a0909","vendor":"Urban Moonshine","name":"Throat Spray","url":"/sfbay/urbanmoonshine/throat-spray/6001d216a5c39f000f1a0909","vendorUrl":"/urbanmoonshine","isMealPlan":false},{"id":"6001d059065ec9000e3ae37e","vendor":"Urban Moonshine","name":"Organic Clear Chest Syrup","url":"/sfbay/urbanmoonshine/organic-clear-chest-syrup/6001d059065ec9000e3ae37e","vendorUrl":"/urbanmoonshine","isMealPlan":false},{"id":"6001ce5ca5c39f000f1a08cd","vendor":"Urban Moonshine","name":"Organic Immune Zoom","url":"/sfbay/urbanmoonshine/organic-immune-zoom/6001ce5ca5c39f000f1a08cd","vendorUrl":"/urbanmoonshine","isMealPlan":false}]},{"tag":"vitamins-immunity","slug":"vitamins-immunity","name":"Immunity","productInfos":[{"id":"5f88ceb313cb21000e556ca4","vendor":"Wedderspoon","name":"Manuka Honey Citrus Immunity Gummies","url":"/sfbay/wedderspoonsfbay/manuka-honey-citrus-immunity-gummies/5f88ceb313cb21000e556ca4","vendorUrl":"/wedderspoonsfbay","isMealPlan":false},{"id":"5f88cc4ecc2063000e68e60d","vendor":"Wedderspoon","name":"Manuka Honey Berry Immunity Gummies","url":"/sfbay/wedderspoonsfbay/manuka-honey-berry-immunity-gummies/5f88cc4ecc2063000e68e60d","vendorUrl":"/wedderspoonsfbay","isMealPlan":false},{"id":"5faa04fd062445000eb2b59e","vendor":"Nordic Naturals Inc.","name":"Nordic Immune Daily Defense","url":"/sfbay/nordicnaturals/nordic-immune-daily-defense/5faa04fd062445000eb2b59e","vendorUrl":"/nordicnaturals","isMealPlan":false},{"id":"6001ce5ca5c39f000f1a08cd","vendor":"Urban Moonshine","name":"Organic Immune Zoom","url":"/sfbay/urbanmoonshine/organic-immune-zoom/6001ce5ca5c39f000f1a08cd","vendorUrl":"/urbanmoonshine","isMealPlan":false}]}]},{"subcategory":{"id":"health-home-homekeeping","name":"Homekeeping","sortAlgorithm":"PRODUCT_TYPE_POPULAR_SIZE","tags":{"home-candles":"Candles","home-fragrance":"Room Spray & Fragrance","home-firewood":"Firewood","home-linens":"Linens","home-gifts":"Gifts","home-cookbooks":"Cookbooks"},"categoryId":"health-home","url":"/sfbay/health-home#health-home-homekeeping","pageUrl":"/sfbay/health-home/health-home-homekeeping"},"sections":[{"tag":"home-firewood","slug":"home-firewood","name":"Firewood","productInfos":[{"id":"5fac6f1b881ed1000e7f1db1","vendor":"Lazzari","name":"Almond Firewood with Kindling","url":"/sfbay/lazzari/almond-firewood-with-kindling/5fac6f1b881ed1000e7f1db1","vendorUrl":"/lazzari","isMealPlan":false}]}]}],"products":{"5bd79a1352afce000f044dd5":{"id":"5bd79a1352afce000f044dd5","name":"Free & Clear Dish Soap","photoUrl":"https://goodeggs4.imgix.net/fd484b64-d465-428e-bef5-6f6ce1fd8aab.jpg?w=380&h=238&fm=jpg&auto=compress&fit=crop","url":"/sfbay/ecossfbay/free-clear-dish-soap/5bd79a1352afce000f044dd5","promotionalProductType":"none","isDeliveryRestricted":false,"orderTypes":["single"],"retailUnits":"25 oz","retailPrice":399,"quantityOptions":[{"quantitySubscriptionDiscount":0,"quantity":1},{"quantitySubscriptionDiscount":0,"quantity":2},{"quantitySubscriptionDiscount":0,"quantity":3},{"quantitySubscriptionDiscount":0,"quantity":4},{"quantitySubscriptionDiscount":0,"quantity":5},{"quantitySubscriptionDiscount":0,"quantity":6},{"quantitySubscriptionDiscount":0,"quantity":7},{"quantitySubscriptionDiscount":0,"quantity":8},{"quantitySubscriptionDiscount":0,"quantity":9},{"quantitySubscriptionDiscount":0,"quantity":10}],"quantityDetails":null,"comparisonUnitPrice":16,"comparisonUnitName":"oz","maxQuantity":10,"scheduleEntries":[],"vendor":{"city":"Cypress, CA","name":"ECOS","shortDescription":"ECOS wants to make green cleaning a reality for all by using sustainable practices that protect people and the planet. Made in facilities powered by 100% renewable energy, ECOS empowers a natural clean at a price you can afford.","slug":"ecossfbay","thumbnailUrl":"https://goodeggs4.imgix.net/kT2HrYgxT5ye9hJqVZCq_Earth-Friendly-Products-5-768x454 - Corey Rateau.png?w=560&h=350&fm=jpg&q=41&fit=crop&crop=faces","url":"/ecossfbay"},"currentProducer":{"city":"Cypress, CA","name":"ECOS","shortDescription":"ECOS wants to make green cleaning a reality for all by using sustainable practices that protect people and the planet. Made in facilities powered by 100% renewable energy, ECOS empowers a natural clean at a price you can afford.","slug":"ecossfbay","thumbnailUrl":"https://goodeggs4.imgix.net/kT2HrYgxT5ye9hJqVZCq_Earth-Friendly-Products-5-768x454 - Corey Rateau.png?w=560&h=350&fm=jpg&q=41&fit=crop&crop=faces","url":"/ecossfbay"},"otherProducers":[],"productType":"Dish Soap","canSubscribe":false,"availabilitiesByDay":{"2021-05-24":{"status":"available","quantity":556},"2021-05-25":{"status":"available","quantity":556},"2021-05-26":{"status":"available","quantity":556},"2021-05-27":{"status":"available","quantity":556},"2021-05-28":{"status":"available","quantity":556},"2021-05-29":{"status":"available","quantity":556}},"isMealPlan":false},"5bd79b8552afce000f044de8":{"id":"5bd79b8552afce000f044de8","name":"Grapefruit Dish Soap","photoUrl":"https://goodeggs4.imgix.net/39314ca3-4758-4ace-af09-035e1ace07b4.jpg?w=380&h=238&fm=jpg&auto=compress&fit=crop","url":"/sfbay/ecossfbay/grapefruit-dish-soap/5bd79b8552afce000f044de8","promotionalProductType":"none","isDeliveryRestricted":false,"orderTypes":["single"],"retailUnits":"25 oz","retailPrice":399,"quantityOptions":[{"quantitySubscriptionDiscount":0,"quantity":1},{"quantitySubscriptionDiscount":0,"quantity":2},{"quantitySubscriptionDiscount":0,"quantity":3},{"quantitySubscriptionDiscount":0,"quantity":4},{"quantitySubscriptionDiscount":0,"quantity":5},{"quantitySubscriptionDiscount":0,"quantity":6},{"quantitySubscriptionDiscount":0,"quantity":7},{"quantitySubscriptionDiscount":0,"quantity":8},{"quantitySubscriptionDiscount":0,"quantity":9},{"quantitySubscriptionDiscount":0,"quantity":10}],"quantityDetails":null,"comparisonUnitPrice":16,"comparisonUnitName":"oz","maxQuantity":10,"scheduleEntries":[],"vendor":{"city":"Cypress, CA","name":"ECOS","shortDescription":"ECOS wants to make green cleaning a reality for all by using sustainable practices that protect people and the planet. Made in facilities powered by 100% renewable energy, ECOS empowers a natural clean at a price you can afford.","slug":"ecossfbay","thumbnailUrl":"https://goodeggs4.imgix.net/kT2HrYgxT5ye9hJqVZCq_Earth-Friendly-Products-5-768x454 - Corey Rateau.png?w=560&h=350&fm=jpg&q=41&fit=crop&crop=faces","url":"/ecossfbay"},"currentProducer":{"city":"Cypress, CA","name":"ECOS","shortDescription":"ECOS wants to make green cleaning a reality for all by using sustainable practices that protect people and the planet. Made in facilities powered by 100% renewable energy, ECOS empowers a natural clean at a price you can afford.","slug":"ecossfbay","thumbnailUrl":"https://goodeggs4.imgix.net/kT2HrYgxT5ye9hJqVZCq_Earth-Friendly-Products-5-768x454 - Corey Rateau.png?w=560&h=350&fm=jpg&q=41&fit=crop&crop=faces","url":"/ecossfbay"},"otherProducers":[],"productType":"Dish Soap","canSubscribe":false,"availabilitiesByDay":{"2021-05-24":{"status":"available","quantity":293},"2021-05-25":{"status":"available","quantity":293},"2021-05-26":{"status":"available","quantity":293},"2021-05-27":{"status":"available","quantity":293},"2021-05-28":{"status":"available","quantity":293},"2021-05-29":{"status":"available","quantity":293}},"isMealPlan":false},"5bd79c2a52afce000f044e0d":{"id":"5bd79c2a52afce000f044e0d","name":"Lavender Dish Soap","photoUrl":"https://goodeggs4.imgix.net/42bff9f1-6195-4a4c-b93e-9da3b60688bb.jpg?w=380&h=238&fm=jpg&auto=compress&fit=crop","url":"/sfbay/ecossfbay/lavender-dish-soap/5bd79c2a52afce000f044e0d","promotionalProductType":"none","isDeliveryRestricted":false,"orderTypes":["single"],"retailUnits":"25 oz","retailPrice":399,"quantityOptions":[{"quantitySubscriptionDiscount":0,"quantity":1},{"quantitySubscriptionDiscount":0,"quantity":2},{"quantitySubscriptionDiscount":0,"quantity":3},{"quantitySubscriptionDiscount":0,"quantity":4},{"quantitySubscriptionDiscount":0,"quantity":5},{"quantitySubscriptionDiscount":0,"quantity":6},{"quantitySubscriptionDiscount":0,"quantity":7},{"quantitySubscriptionDiscount":0,"quantity":8},{"quantitySubscriptionDiscount":0,"quantity":9},{"quantitySubscriptionDiscount":0,"quantity":10}],"quantityDetails":null,"comparisonUnitPrice":16,"comparisonUnitName":"oz","maxQuantity":10,"scheduleEntries":[],"vendor":{"city":"Cypress, CA","name":"ECOS","shortDescription":"ECOS wants to make green cleaning a reality for all by using sustainable practices that protect people and the planet. Made in facilities powered by 100% renewable energy, ECOS empowers a natural clean at a price you can afford.","slug":"ecossfbay","thumbnailUrl":"https://goodeggs4.imgix.net/kT2HrYgxT5ye9hJqVZCq_Earth-Friendly-Products-5-768x454 - Corey Rateau.png?w=560&h=350&fm=jpg&q=41&fit=crop&crop=faces","url":"/ecossfbay"},"currentProducer":{"city":"Cypress, CA","name":"ECOS","shortDescription":"ECOS wants to make green cleaning a reality for all by using sustainable practices that protect people and the planet. Made in facilities powered by 100% renewable energy, ECOS empowers a natural clean at a price you can afford.","slug":"ecossfbay","thumbnailUrl":"https://goodeggs4.imgix.net/kT2HrYgxT5ye9hJqVZCq_Earth-Friendly-Products-5-768x454 - Corey Rateau.png?w=560&h=350&fm=jpg&q=41&fit=crop&crop=faces","url":"/ecossfbay"},"otherProducers":[],"productType":"Dish Soap","canSubscribe":false,"availabilitiesByDay":{"2021-05-24":{"status":"available","quantity":83},"2021-05-25":{"status":"available","quantity":83},"2021-05-26":{"status":"available","quantity":83},"2021-05-27":{"status":"available","quantity":83},"2021-05-28":{"status":"available","quantity":83},"2021-05-29":{"status":"available","quantity":83}},"isMealPlan":false},"5bd79f04ddee9d000fdfe61d":{"id":"5bd79f04ddee9d000fdfe61d","name":"Free & Clear Dishwasher Gel","photoUrl":"https://goodeggs4.imgix.net/26080daf-f57e-40aa-84ce-c5e74e0d8af4.jpg?w=380&h=238&fm=jpg&auto=compress&fit=crop","url":"/sfbay/ecossfbay/free-clear-dishwasher-gel/5bd79f04ddee9d000fdfe61d","promotionalProductType":"none","isDeliveryRestricted":false,"orderTypes":["single"],"retailUnits":"40 oz","retailPrice":499,"quantityOptions":[{"quantitySubscriptionDiscount":0,"quantity":1},{"quantitySubscriptionDiscount":0,"quantity":2},{"quantitySubscriptionDiscount":0,"quantity":3},{"quantitySubscriptionDiscount":0,"quantity":4},{"quantitySubscriptionDiscount":0,"quantity":5},{"quantitySubscriptionDiscount":0,"quantity":6},{"quantitySubscriptionDiscount":0,"quantity":7},{"quantitySubscriptionDiscount":0,"quantity":8},{"quantitySubscriptionDiscount":0,"quantity":9},{"quantitySubscriptionDiscount":0,"quantity":10}],"quantityDetails":null,"comparisonUnitPrice":12,"comparisonUnitName":"oz","maxQuantity":10,"scheduleEntries":[],"vendor":{"city":"Cypress, CA","name":"ECOS","shortDescription":"ECOS wants to make green cleaning a reality for all by using sustainable practices that protect people and the planet. Made in facilities powered by 100% renewable energy, ECOS empowers a natural clean at a price you can afford.","slug":"ecossfbay","thumbnailUrl":"https://goodeggs4.imgix.net/kT2HrYgxT5ye9hJqVZCq_Earth-Friendly-Products-5-768x454 - Corey Rateau.png?w=560&h=350&fm=jpg&q=41&fit=crop&crop=faces","url":"/ecossfbay"},"currentProducer":{"city":"Cypress, CA","name":"ECOS","shortDescription":"ECOS wants to make green cleaning a reality for all by using sustainable practices that protect people and the planet. Made in facilities powered by 100% renewable energy, ECOS empowers a natural clean at a price you can afford.","slug":"ecossfbay","thumbnailUrl":"https://goodeggs4.imgix.net/kT2HrYgxT5ye9hJqVZCq_Earth-Friendly-Products-5-768x454 - Corey Rateau.png?w=560&h=350&fm=jpg&q=41&fit=crop&crop=faces","url":"/ecossfbay"},"otherProducers":[],"productType":"Dishwasher Detergent & Pods","canSubscribe":false,"availabilitiesByDay":{"2021-05-24":{"status":"available","quantity":64},"2021-05-25":{"status":"available","quantity":64},"2021-05-26":{"status":"available","quantity":64},"2021-05-27":{"status":"available","quantity":64},"2021-05-28":{"status":"available","quantity":64},"2021-05-29":{"status":"available","quantity":64}},"isMealPlan":false},"5bd787afddee9d000fdfe3a9":{"id":"5bd787afddee9d000fdfe3a9","name":"Free & Clear Dishwasher Detergent Packs","photoUrl":"https://goodeggs4.imgix.net/7e43d44d-9a2a-4325-bb58-41d83909f131.jpg?w=380&h=238&fm=jpg&auto=compress&fit=crop","url":"/sfbay/seventhgenerationsfbay/free-clear-dishwasher-detergent-packs/5bd787afddee9d000fdfe3a9","promotionalProductType":"none","isDeliveryRestricted":false,"orderTypes":["single"],"retailUnits":"45 count","retailPrice":1499,"quantityOptions":[{"quantitySubscriptionDiscount":0,"quantity":1},{"quantitySubscriptionDiscount":0,"quantity":2},{"quantitySubscriptionDiscount":0,"quantity":3},{"quantitySubscriptionDiscount":0,"quantity":4},{"quantitySubscriptionDiscount":0,"quantity":5},{"quantitySubscriptionDiscount":0,"quantity":6},{"quantitySubscriptionDiscount":0,"quantity":7},{"quantitySubscriptionDiscount":0,"quantity":8},{"quantitySubscriptionDiscount":0,"quantity":9},{"quantitySubscriptionDiscount":0,"quantity":10}],"quantityDetails":"45 packs","comparisonUnitPrice":null,"comparisonUnitName":null,"maxQuantity":10,"scheduleEntries":[],"vendor":{"city":"Burlington, VT","name":"Seventh Generation","shortDescription":"Seventh Generation is a B Corporation based in Vermont, dedicated to nurturing the health of future generations while creating plant-based solutions for your home and family.","slug":"seventhgenerationsfbay","thumbnailUrl":"https://goodeggs4.imgix.net/de0b1845-9fd2-44af-9068-8e9b171cb94c.jpg?w=560&h=350&fm=jpg&q=41&fit=crop&crop=faces","url":"/seventhgenerationsfbay"},"currentProducer":{"city":"Burlington, VT","name":"Seventh Generation","shortDescription":"Seventh Generation is a B Corporation based in Vermont, dedicated to nurturing the health of future generations while creating plant-based solutions for your home and family.","slug":"seventhgenerationsfbay","thumbnailUrl":"https://goodeggs4.imgix.net/de0b1845-9fd2-44af-9068-8e9b171cb94c.jpg?w=560&h=350&fm=jpg&q=41&fit=crop&crop=faces","url":"/seventhgenerationsfbay"},"otherProducers":[],"productType":"Dishwasher Detergent & Pods","canSubscribe":false,"availabilitiesByDay":{"2021-05-24":{"status":"available","quantity":97},"2021-05-25":{"status":"available","quantity":97},"2021-05-26":{"status":"available","quantity":97},"2021-05-27":{"status":"available","quantity":97},"2021-05-28":{"status":"available","quantity":97},"2021-05-29":{"status":"available","quantity":97}},"isMealPlan":false},"5bd7847852afce000f044979":{"id":"5bd7847852afce000f044979","name":"Free & Clear Dishwasher Detergent Powder","photoUrl":"https://goodeggs4.imgix.net/e67bdabb-8b58-4259-9a43-fa8b4dfdc466.jpg?w=380&h=238&fm=jpg&auto=compress&fit=crop","url":"/sfbay/seventhgenerationsfbay/free-clear-dishwasher-detergent-powder/5bd7847852afce000f044979","promotionalProductType":"none","isDeliveryRestricted":false,"orderTypes":["single"],"retailUnits":"45 oz","retailPrice":649,"quantityOptions":[{"quantitySubscriptionDiscount":0,"quantity":1},{"quantitySubscriptionDiscount":0,"quantity":2},{"quantitySubscriptionDiscount":0,"quantity":3},{"quantitySubscriptionDiscount":0,"quantity":4},{"quantitySubscriptionDiscount":0,"quantity":5},{"quantitySubscriptionDiscount":0,"quantity":6},{"quantitySubscriptionDiscount":0,"quantity":7},{"quantitySubscriptionDiscount":0,"quantity":8},{"quantitySubscriptionDiscount":0,"quantity":9},{"quantitySubscriptionDiscount":0,"quantity":10}],"quantityDetails":"45 oz","comparisonUnitPrice":14,"comparisonUnitName":"oz","maxQuantity":10,"scheduleEntries":[],"vendor":{"city":"Burlington, VT","name":"Seventh Generation","shortDescription":"Seventh Generation is a B Corporation based in Vermont, dedicated to nurturing the health of future generations while creating plant-based solutions for your home and family.","slug":"seventhgenerationsfbay","thumbnailUrl":"https://goodeggs4.imgix.net/de0b1845-9fd2-44af-9068-8e9b171cb94c.jpg?w=560&h=350&fm=jpg&q=41&fit=crop&crop=faces","url":"/seventhgenerationsfbay"},"currentProducer":{"city":"Burlington, VT","name":"Seventh Generation","shortDescription":"Seventh Generation is a B Corporation based in Vermont, dedicated to nurturing the health of future generations while creating plant-based solutions for your home and family.","slug":"seventhgenerationsfbay","thumbnailUrl":"https://goodeggs4.imgix.net/de0b1845-9fd2-44af-9068-8e9b171cb94c.jpg?w=560&h=350&fm=jpg&q=41&fit=crop&crop=faces","url":"/seventhgenerationsfbay"},"otherProducers":[],"productType":"Dishwasher Detergent & Pods","canSubscribe":false,"availabilitiesByDay":{"2021-05-24":{"status":"available","quantity":122},"2021-05-25":{"status":"available","quantity":122},"2021-05-26":{"status":"available","quantity":122},"2021-05-27":{"status":"available","quantity":122},"2021-05-28":{"status":"available","quantity":122},"2021-05-29":{"status":"available","quantity":122}},"isMealPlan":false},"5bd7cd4452afce000f045032":{"id":"5bd7cd4452afce000f045032","name":"Meyer Lemon & Mandarin Hand Soap","photoUrl":"https://goodeggs4.imgix.net/417aa22f-318c-41ed-8251-5a5e8da3112c.jpg?w=380&h=238&fm=jpg&auto=compress&fit=crop","url":"/sfbay/eoproductssfbay/meyer-lemon-mandarin-hand-soap/5bd7cd4452afce000f045032","promotionalProductType":"none","isDeliveryRestricted":false,"orderTypes":["single"],"retailUnits":"12.75 oz","retailPrice":499,"quantityOptions":[{"quantitySubscriptionDiscount":0,"quantity":1},{"quantitySubscriptionDiscount":0,"quantity":2},{"quantitySubscriptionDiscount":0,"quantity":3},{"quantitySubscriptionDiscount":0,"quantity":4},{"quantitySubscriptionDiscount":0,"quantity":5},{"quantitySubscriptionDiscount":0,"quantity":6},{"quantitySubscriptionDiscount":0,"quantity":7},{"quantitySubscriptionDiscount":0,"quantity":8},{"quantitySubscriptionDiscount":0,"quantity":9},{"quantitySubscriptionDiscount":0,"quantity":10}],"quantityDetails":null,"comparisonUnitPrice":39,"comparisonUnitName":"oz","maxQuantity":10,"scheduleEntries":[],"vendor":{"city":"San Rafael, CA","name":"EO/Everyone","shortDescription":"Based on the knowledge of 23 years in the industry, EO/Everyone makes products that are as natural as possible, while still being effective and safe for you and your family to use.","slug":"eoproductssfbay","thumbnailUrl":"https://goodeggs4.imgix.net/5HcHmmiSO5cgAXC2KJlw_Screen Shot 2018-10-30 at 11.15.19 AM.png?w=560&h=350&fm=jpg&q=41&fit=crop&crop=faces","url":"/eoproductssfbay"},"currentProducer":{"city":"San Rafael, CA","name":"EO/Everyone","shortDescription":"Based on the knowledge of 23 years in the industry, EO/Everyone makes products that are as natural as possible, while still being effective and safe for you and your family to use.","slug":"eoproductssfbay","thumbnailUrl":"https://goodeggs4.imgix.net/5HcHmmiSO5cgAXC2KJlw_Screen Shot 2018-10-30 at 11.15.19 AM.png?w=560&h=350&fm=jpg&q=41&fit=crop&crop=faces","url":"/eoproductssfbay"},"otherProducers":[],"productType":"Hand Soap","canSubscribe":false,"availabilitiesByDay":{"2021-05-24":{"status":"available","quantity":291},"2021-05-25":{"status":"available","quantity":291},"2021-05-26":{"status":"available","quantity":291},"2021-05-27":{"status":"available","quantity":291},"2021-05-28":{"status":"available","quantity":291},"2021-05-29":{"status":"available","quantity":291}},"isMealPlan":false},"5bd7ce4352afce000f045045":{"id":"5bd7ce4352afce000f045045","name":"Lavender & Coconut Hand Soap","photoUrl":"https://goodeggs4.imgix.net/96a9d7dd-5e00-42b8-b573-47b821004c77.jpg?w=380&h=238&fm=jpg&auto=compress&fit=crop","url":"/sfbay/eoproductssfbay/lavender-coconut-hand-soap/5bd7ce4352afce000f045045","promotionalProductType":"none","isDeliveryRestricted":false,"orderTypes":["single"],"retailUnits":"12.75 oz","retailPrice":499,"quantityOptions":[{"quantitySubscriptionDiscount":0,"quantity":1},{"quantitySubscriptionDiscount":0,"quantity":2},{"quantitySubscriptionDiscount":0,"quantity":3},{"quantitySubscriptionDiscount":0,"quantity":4},{"quantitySubscriptionDiscount":0,"quantity":5},{"quantitySubscriptionDiscount":0,"quantity":6},{"quantitySubscriptionDiscount":0,"quantity":7},{"quantitySubscriptionDiscount":0,"quantity":8},{"quantitySubscriptionDiscount":0,"quantity":9},{"quantitySubscriptionDiscount":0,"quantity":10}],"quantityDetails":null,"comparisonUnitPrice":39,"comparisonUnitName":"oz","maxQuantity":10,"scheduleEntries":[],"vendor":{"city":"San Rafael, CA","name":"EO/Everyone","shortDescription":"Based on the knowledge of 23 years in the industry, EO/Everyone makes products that are as natural as possible, while still being effective and safe for you and your family to use.","slug":"eoproductssfbay","thumbnailUrl":"https://goodeggs4.imgix.net/5HcHmmiSO5cgAXC2KJlw_Screen Shot 2018-10-30 at 11.15.19 AM.png?w=560&h=350&fm=jpg&q=41&fit=crop&crop=faces","url":"/eoproductssfbay"},"currentProducer":{"city":"San Rafael, CA","name":"EO/Everyone","shortDescription":"Based on the knowledge of 23 years in the industry, EO/Everyone makes products that are as natural as possible, while still being effective and safe for you and your family to use.","slug":"eoproductssfbay","thumbnailUrl":"https://goodeggs4.imgix.net/5HcHmmiSO5cgAXC2KJlw_Screen Shot 2018-10-30 at 11.15.19 AM.png?w=560&h=350&fm=jpg&q=41&fit=crop&crop=faces","url":"/eoproductssfbay"},"otherProducers":[],"productType":"Hand Soap","canSubscribe":false,"availabilitiesByDay":{"2021-05-24":{"status":"available","quantity":981},"2021-05-25":{"status":"available","quantity":981},"2021-05-26":{"status":"available","quantity":981},"2021-05-27":{"status":"available","quantity":981},"2021-05-28":{"status":"available","quantity":981},"2021-05-29":{"status":"available","quantity":981}},"isMealPlan":false},"604a851cbcf73300130e2e51":{"id":"604a851cbcf73300130e2e51","name":"Hand Soap Refill - Meyer Lemon Mandarin","photoUrl":"https://goodeggs4.imgix.net/fcae355a-fc00-48f4-96c7-26514f6e73af.jpeg?w=380&h=238&fm=jpg&auto=compress&fit=crop","url":"/sfbay/eoproductssfbay/hand-soap-refill-meyer-lemon-mandarin/604a851cbcf73300130e2e51","promotionalProductType":"none","isDeliveryRestricted":false,"orderTypes":["single"],"retailUnits":"32 oz","retailPrice":1199,"quantityOptions":[{"quantitySubscriptionDiscount":0,"quantity":1},{"quantitySubscriptionDiscount":0,"quantity":2},{"quantitySubscriptionDiscount":0,"quantity":3},{"quantitySubscriptionDiscount":0,"quantity":4},{"quantitySubscriptionDiscount":0,"quantity":5},{"quantitySubscriptionDiscount":0,"quantity":6},{"quantitySubscriptionDiscount":0,"quantity":7},{"quantitySubscriptionDiscount":0,"quantity":8},{"quantitySubscriptionDiscount":0,"quantity":9},{"quantitySubscriptionDiscount":0,"quantity":10}],"quantityDetails":"32 oz","comparisonUnitPrice":37,"comparisonUnitName":"oz","maxQuantity":10,"scheduleEntries":[],"vendor":{"city":"San Rafael, CA","name":"EO/Everyone","shortDescription":"Based on the knowledge of 23 years in the industry, EO/Everyone makes products that are as natural as possible, while still being effective and safe for you and your family to use.","slug":"eoproductssfbay","thumbnailUrl":"https://goodeggs4.imgix.net/5HcHmmiSO5cgAXC2KJlw_Screen Shot 2018-10-30 at 11.15.19 AM.png?w=560&h=350&fm=jpg&q=41&fit=crop&crop=faces","url":"/eoproductssfbay"},"currentProducer":{"city":"San Rafael, CA","name":"EO/Everyone","shortDescription":"Based on the knowledge of 23 years in the industry, EO/Everyone makes products that are as natural as possible, while still being effective and safe for you and your family to use.","slug":"eoproductssfbay","thumbnailUrl":"https://goodeggs4.imgix.net/5HcHmmiSO5cgAXC2KJlw_Screen Shot 2018-10-30 at 11.15.19 AM.png?w=560&h=350&fm=jpg&q=41&fit=crop&crop=faces","url":"/eoproductssfbay"},"otherProducers":[],"productType":"Hand Soap","canSubscribe":false,"availabilitiesByDay":{"2021-05-24":{"status":"available","quantity":41},"2021-05-25":{"status":"available","quantity":41},"2021-05-26":{"status":"available","quantity":41},"2021-05-27":{"status":"available","quantity":41},"2021-05-28":{"status":"available","quantity":41},"2021-05-29":{"status":"available","quantity":41}},"isMealPlan":false},"604a8762f7699c0012bd657f":{"id":"604a8762f7699c0012bd657f","name":"Coconut Lemon Hand Sanitizer Spray","photoUrl":"https://goodeggs4.imgix.net/34961047-0401-4fce-87b4-2acaeda0ef54.jpeg?w=380&h=238&fm=jpg&auto=compress&fit=crop","url":"/sfbay/eoproductssfbay/coconut-lemon-hand-sanitizer-spray/604a8762f7699c0012bd657f","promotionalProductType":"none","isDeliveryRestricted":false,"orderTypes":["single"],"retailUnits":"8 oz","retailPrice":699,"quantityOptions":[{"quantitySubscriptionDiscount":0,"quantity":1},{"quantitySubscriptionDiscount":0,"quantity":2},{"quantitySubscriptionDiscount":0,"quantity":3},{"quantitySubscriptionDiscount":0,"quantity":4},{"quantitySubscriptionDiscount":0,"quantity":5},{"quantitySubscriptionDiscount":0,"quantity":6},{"quantitySubscriptionDiscount":0,"quantity":7},{"quantitySubscriptionDiscount":0,"quantity":8},{"quantitySubscriptionDiscount":0,"quantity":9},{"quantitySubscriptionDiscount":0,"quantity":10}],"quantityDetails":"8 oz","comparisonUnitPrice":87,"comparisonUnitName":"oz","maxQuantity":10,"scheduleEntries":[],"vendor":{"city":"San Rafael, CA","name":"EO/Everyone","shortDescription":"Based on the knowledge of 23 years in the industry, EO/Everyone makes products that are as natural as possible, while still being effective and safe for you and your family to use.","slug":"eoproductssfbay","thumbnailUrl":"https://goodeggs4.imgix.net/5HcHmmiSO5cgAXC2KJlw_Screen Shot 2018-10-30 at 11.15.19 AM.png?w=560&h=350&fm=jpg&q=41&fit=crop&crop=faces","url":"/eoproductssfbay"},"currentProducer":{"city":"San Rafael, CA","name":"EO/Everyone","shortDescription":"Based on the knowledge of 23 years in the industry, EO/Everyone makes products that are as natural as possible, while still being effective and safe for you and your family to use.","slug":"eoproductssfbay","thumbnailUrl":"https://goodeggs4.imgix.net/5HcHmmiSO5cgAXC2KJlw_Screen Shot 2018-10-30 at 11.15.19 AM.png?w=560&h=350&fm=jpg&q=41&fit=crop&crop=faces","url":"/eoproductssfbay"},"otherProducers":[],"productType":"Hand Soap","canSubscribe":false,"availabilitiesByDay":{"2021-05-24":{"status":"available","quantity":41},"2021-05-25":{"status":"available","quantity":41},"2021-05-26":{"status":"available","quantity":41},"2021-05-27":{"status":"available","quantity":41},"2021-05-28":{"status":"available","quantity":41},"2021-05-29":{"status":"available","quantity":41}},"isMealPlan":false},"5bd7a03c52afce000f044e82":{"id":"5bd7a03c52afce000f044e82","name":"Free & Clear Hand Soap Refill","photoUrl":"https://goodeggs4.imgix.net/e9c1959b-0300-4237-bdbe-29786f3669c1.jpg?w=380&h=238&fm=jpg&auto=compress&fit=crop","url":"/sfbay/ecossfbay/free-clear-hand-soap-refill/5bd7a03c52afce000f044e82","promotionalProductType":"none","isDeliveryRestricted":false,"orderTypes":["single"],"retailUnits":"32 oz","retailPrice":699,"quantityOptions":[{"quantitySubscriptionDiscount":0,"quantity":1},{"quantitySubscriptionDiscount":0,"quantity":2},{"quantitySubscriptionDiscount":0,"quantity":3},{"quantitySubscriptionDiscount":0,"quantity":4},{"quantitySubscriptionDiscount":0,"quantity":5},{"quantitySubscriptionDiscount":0,"quantity":6},{"quantitySubscriptionDiscount":0,"quantity":7},{"quantitySubscriptionDiscount":0,"quantity":8},{"quantitySubscriptionDiscount":0,"quantity":9},{"quantitySubscriptionDiscount":0,"quantity":10}],"quantityDetails":null,"comparisonUnitPrice":22,"comparisonUnitName":"oz","maxQuantity":10,"scheduleEntries":[],"vendor":{"city":"Cypress, CA","name":"ECOS","shortDescription":"ECOS wants to make green cleaning a reality for all by using sustainable practices that protect people and the planet. Made in facilities powered by 100% renewable energy, ECOS empowers a natural clean at a price you can afford.","slug":"ecossfbay","thumbnailUrl":"https://goodeggs4.imgix.net/kT2HrYgxT5ye9hJqVZCq_Earth-Friendly-Products-5-768x454 - Corey Rateau.png?w=560&h=350&fm=jpg&q=41&fit=crop&crop=faces","url":"/ecossfbay"},"currentProducer":{"city":"Cypress, CA","name":"ECOS","shortDescription":"ECOS wants to make green cleaning a reality for all by using sustainable practices that protect people and the planet. Made in facilities powered by 100% renewable energy, ECOS empowers a natural clean at a price you can afford.","slug":"ecossfbay","thumbnailUrl":"https://goodeggs4.imgix.net/kT2HrYgxT5ye9hJqVZCq_Earth-Friendly-Products-5-768x454 - Corey Rateau.png?w=560&h=350&fm=jpg&q=41&fit=crop&crop=faces","url":"/ecossfbay"},"otherProducers":[],"productType":"Hand Soap","canSubscribe":false,"availabilitiesByDay":{"2021-05-24":{"status":"available","quantity":45},"2021-05-25":{"status":"available","quantity":45},"2021-05-26":{"status":"available","quantity":45},"2021-05-27":{"status":"available","quantity":45},"2021-05-28":{"status":"available","quantity":45},"2021-05-29":{"status":"available","quantity":45}},"isMealPlan":false},"5bd781adddee9d000fdfe0e2":{"id":"5bd781adddee9d000fdfe0e2","name":"Lemongrass Citrus Disinfectant Wipes","photoUrl":"https://goodeggs4.imgix.net/3a540ed9-a2c1-4a26-bad7-2f1950682233.jpg?w=380&h=238&fm=jpg&auto=compress&fit=crop","url":"/sfbay/seventhgenerationsfbay/lemongrass-citrus-disinfectant-wipes/5bd781adddee9d000fdfe0e2","promotionalProductType":"none","isDeliveryRestricted":false,"orderTypes":["single"],"retailUnits":"70 count","retailPrice":699,"quantityOptions":[{"quantitySubscriptionDiscount":0,"quantity":1},{"quantitySubscriptionDiscount":0,"quantity":2}],"quantityDetails":"70 wet wipes","comparisonUnitPrice":null,"comparisonUnitName":null,"maxQuantity":2,"scheduleEntries":[],"vendor":{"city":"Burlington, VT","name":"Seventh Generation","shortDescription":"Seventh Generation is a B Corporation based in Vermont, dedicated to nurturing the health of future generations while creating plant-based solutions for your home and family.","slug":"seventhgenerationsfbay","thumbnailUrl":"https://goodeggs4.imgix.net/de0b1845-9fd2-44af-9068-8e9b171cb94c.jpg?w=560&h=350&fm=jpg&q=41&fit=crop&crop=faces","url":"/seventhgenerationsfbay"},"currentProducer":{"city":"Burlington, VT","name":"Seventh Generation","shortDescription":"Seventh Generation is a B Corporation based in Vermont, dedicated to nurturing the health of future generations while creating plant-based solutions for your home and family.","slug":"seventhgenerationsfbay","thumbnailUrl":"https://goodeggs4.imgix.net/de0b1845-9fd2-44af-9068-8e9b171cb94c.jpg?w=560&h=350&fm=jpg&q=41&fit=crop&crop=faces","url":"/seventhgenerationsfbay"},"otherProducers":[],"productType":"Multi-Surface Cleaner","canSubscribe":false,"availabilitiesByDay":{"2021-05-24":{"status":"available","quantity":526},"2021-05-25":{"status":"available","quantity":526},"2021-05-26":{"status":"available","quantity":526},"2021-05-27":{"status":"available","quantity":526},"2021-05-28":{"status":"available","quantity":526},"2021-05-29":{"status":"available","quantity":526}},"isMealPlan":false},"5bd78032ddee9d000fdfe055":{"id":"5bd78032ddee9d000fdfe055","name":"Lemongrass Citrus Multi-Surface Cleaner","photoUrl":"https://goodeggs4.imgix.net/127ba848-2c14-4e6f-a8b6-1f85401e64fd.jpg?w=380&h=238&fm=jpg&auto=compress&fit=crop","url":"/sfbay/seventhgenerationsfbay/lemongrass-citrus-multi-surface-cleaner/5bd78032ddee9d000fdfe055","promotionalProductType":"none","isDeliveryRestricted":false,"orderTypes":["single"],"retailUnits":"26 oz","retailPrice":439,"quantityOptions":[{"quantitySubscriptionDiscount":0,"quantity":1},{"quantitySubscriptionDiscount":0,"quantity":2}],"quantityDetails":"26 oz","comparisonUnitPrice":17,"comparisonUnitName":"oz","maxQuantity":2,"scheduleEntries":[],"vendor":{"city":"Burlington, VT","name":"Seventh Generation","shortDescription":"Seventh Generation is a B Corporation based in Vermont, dedicated to nurturing the health of future generations while creating plant-based solutions for your home and family.","slug":"seventhgenerationsfbay","thumbnailUrl":"https://goodeggs4.imgix.net/de0b1845-9fd2-44af-9068-8e9b171cb94c.jpg?w=560&h=350&fm=jpg&q=41&fit=crop&crop=faces","url":"/seventhgenerationsfbay"},"currentProducer":{"city":"Burlington, VT","name":"Seventh Generation","shortDescription":"Seventh Generation is a B Corporation based in Vermont, dedicated to nurturing the health of future generations while creating plant-based solutions for your home and family.","slug":"seventhgenerationsfbay","thumbnailUrl":"https://goodeggs4.imgix.net/de0b1845-9fd2-44af-9068-8e9b171cb94c.jpg?w=560&h=350&fm=jpg&q=41&fit=crop&crop=faces","url":"/seventhgenerationsfbay"},"otherProducers":[],"productType":"Multi-Surface Cleaner","canSubscribe":false,"availabilitiesByDay":{"2021-05-24":{"status":"available","quantity":63},"2021-05-25":{"status":"available","quantity":63},"2021-05-26":{"status":"available","quantity":63},"2021-05-27":{"status":"available","quantity":63},"2021-05-28":{"status":"available","quantity":63},"2021-05-29":{"status":"available","quantity":63}},"isMealPlan":false},"5bd79d4252afce000f044e2f":{"id":"5bd79d4252afce000f044e2f","name":"Orange Plus All Purpose Cleaner","photoUrl":"https://goodeggs4.imgix.net/404b34be-fc28-4f56-a9bd-13a3459e4522.jpg?w=380&h=238&fm=jpg&auto=compress&fit=crop","url":"/sfbay/ecossfbay/orange-plus-all-purpose-cleaner/5bd79d4252afce000f044e2f","promotionalProductType":"none","isDeliveryRestricted":false,"orderTypes":["single"],"retailUnits":"22 oz","retailPrice":399,"quantityOptions":[{"quantitySubscriptionDiscount":0,"quantity":1},{"quantitySubscriptionDiscount":0,"quantity":2},{"quantitySubscriptionDiscount":0,"quantity":3},{"quantitySubscriptionDiscount":0,"quantity":4},{"quantitySubscriptionDiscount":0,"quantity":5},{"quantitySubscriptionDiscount":0,"quantity":6},{"quantitySubscriptionDiscount":0,"quantity":7},{"quantitySubscriptionDiscount":0,"quantity":8},{"quantitySubscriptionDiscount":0,"quantity":9},{"quantitySubscriptionDiscount":0,"quantity":10}],"quantityDetails":null,"comparisonUnitPrice":18,"comparisonUnitName":"oz","maxQuantity":10,"scheduleEntries":[],"vendor":{"city":"Cypress, CA","name":"ECOS","shortDescription":"ECOS wants to make green cleaning a reality for all by using sustainable practices that protect people and the planet. Made in facilities powered by 100% renewable energy, ECOS empowers a natural clean at a price you can afford.","slug":"ecossfbay","thumbnailUrl":"https://goodeggs4.imgix.net/kT2HrYgxT5ye9hJqVZCq_Earth-Friendly-Products-5-768x454 - Corey Rateau.png?w=560&h=350&fm=jpg&q=41&fit=crop&crop=faces","url":"/ecossfbay"},"currentProducer":{"city":"Cypress, CA","name":"ECOS","shortDescription":"ECOS wants to make green cleaning a reality for all by using sustainable practices that protect people and the planet. Made in facilities powered by 100% renewable energy, ECOS empowers a natural clean at a price you can afford.","slug":"ecossfbay","thumbnailUrl":"https://goodeggs4.imgix.net/kT2HrYgxT5ye9hJqVZCq_Earth-Friendly-Products-5-768x454 - Corey Rateau.png?w=560&h=350&fm=jpg&q=41&fit=crop&crop=faces","url":"/ecossfbay"},"otherProducers":[],"productType":"Multi-Surface Cleaner","canSubscribe":false,"availabilitiesByDay":{"2021-05-24":{"status":"available","quantity":34},"2021-05-25":{"status":"available","quantity":34},"2021-05-26":{"status":"available","quantity":34},"2021-05-27":{"status":"available","quantity":34},"2021-05-28":{"status":"available","quantity":34},"2021-05-29":{"status":"available","quantity":34}},"isMealPlan":false},"5bd79e4252afce000f044e65":{"id":"5bd79e4252afce000f044e65","name":"Vinegar Window & Glass Cleaner","photoUrl":"https://goodeggs4.imgix.net/6590fbe6-c200-403d-9201-5607b2955e50.jpg?w=380&h=238&fm=jpg&auto=compress&fit=crop","url":"/sfbay/ecossfbay/vinegar-window-glass-cleaner/5bd79e4252afce000f044e65","promotionalProductType":"none","isDeliveryRestricted":false,"orderTypes":["single"],"retailUnits":"22 oz","retailPrice":399,"quantityOptions":[{"quantitySubscriptionDiscount":0,"quantity":1},{"quantitySubscriptionDiscount":0,"quantity":2},{"quantitySubscriptionDiscount":0,"quantity":3},{"quantitySubscriptionDiscount":0,"quantity":4},{"quantitySubscriptionDiscount":0,"quantity":5},{"quantitySubscriptionDiscount":0,"quantity":6},{"quantitySubscriptionDiscount":0,"quantity":7},{"quantitySubscriptionDiscount":0,"quantity":8},{"quantitySubscriptionDiscount":0,"quantity":9},{"quantitySubscriptionDiscount":0,"quantity":10}],"quantityDetails":null,"comparisonUnitPrice":18,"comparisonUnitName":"oz","maxQuantity":10,"scheduleEntries":[],"vendor":{"city":"Cypress, CA","name":"ECOS","shortDescription":"ECOS wants to make green cleaning a reality for all by using sustainable practices that protect people and the planet. Made in facilities powered by 100% renewable energy, ECOS empowers a natural clean at a price you can afford.","slug":"ecossfbay","thumbnailUrl":"https://goodeggs4.imgix.net/kT2HrYgxT5ye9hJqVZCq_Earth-Friendly-Products-5-768x454 - Corey Rateau.png?w=560&h=350&fm=jpg&q=41&fit=crop&crop=faces","url":"/ecossfbay"},"currentProducer":{"city":"Cypress, CA","name":"ECOS","shortDescription":"ECOS wants to make green cleaning a reality for all by using sustainable practices that protect people and the planet. Made in facilities powered by 100% renewable energy, ECOS empowers a natural clean at a price you can afford.","slug":"ecossfbay","thumbnailUrl":"https://goodeggs4.imgix.net/kT2HrYgxT5ye9hJqVZCq_Earth-Friendly-Products-5-768x454 - Corey Rateau.png?w=560&h=350&fm=jpg&q=41&fit=crop&crop=faces","url":"/ecossfbay"},"otherProducers":[],"productType":"Glass Cleaner","canSubscribe":false,"availabilitiesByDay":{"2021-05-24":{"status":"available","quantity":89},"2021-05-25":{"status":"available","quantity":89},"2021-05-26":{"status":"available","quantity":89},"2021-05-27":{"status":"available","quantity":89},"2021-05-28":{"status":"available","quantity":89},"2021-05-29":{"status":"available","quantity":89}},"isMealPlan":false}},"disableSegment":false,"user":null,"foodshed":{"formalName":"San Francisco Bay Area","slug":"sfbay","description":"SF Bay","tzid":"America/Los_Angeles","deliveryMapUrl":"https://api.mapbox.com/styles/v1/goodeggs/ckkisxgae16h117lnalvgdvy6.html?access_token=pk.eyJ1IjoiZ29vZGVnZ3MiLCJhIjoiMHl2SE9EMCJ9.YvAOciP0SputRHutx3-wVw#9/37.6550/-122.2000","eaterHelp":{"email":"help@goodeggs.com","phone":"+14159664133"},"socialHandles":{"twitter":"goodeggs","facebook":"goodeggs","instagram":"goodeggs","yelp":"good-eggs-san-francisco","pinterest":"good_eggs"}},"session":{"id":"uQiASrk2RoONADeTqXuvjoaX"},"activeCard":"main","activePromotion":null,"app":{"name":"garbanzo","instance":"production","commitSHA":"b6d869c5d63dd9805910db7adb46f843833b7bfd"},"basket":{"_id":"60abf17978c1834003ea517e","totals":{"displayTotals":[{"key":"subtotal","label":"Subtotal","amount":0,"formattedAmount":"$0.00"},{"key":"goodJobsFee","label":"Good Jobs Fee","amount":225,"formattedAmount":"$2.25","info":{"title":"Why a Good Jobs Fee?","body":"In an industry rife with labor issues, we\u2019ve always chosen to invest in our people. We are proud to provide full-time jobs and support our team with higher wages, generous benefits, and equity.\nThis fee allows us to go one step further and ensure that with your help, every single Good Eggs employee is paid a living wage.","link":{"text":"Learn more","url":"https://blog.goodeggs.com/blog/growth-and-good-jobs-arent-mutually-exclusive"}}}],"subscriptionDiscount":0,"subtotal":0,"promoDiscount":0,"referralDiscount":0,"deliveryFee":0,"bottleDeposit":0,"tax":0,"storeCredit":0,"totalDue":225,"orderMinimum":3000,"amountToMinimum":3000,"freeDeliveryMinimum":8000,"amountToFreeDelivery":8000,"newOrderOrderMinimum":3000,"newOrderAmountToMinimum":3000,"lineItemTotals":{}},"items":[],"promoCodes":[]},"categories":[{"id":"meal-kits","name":"Meal Kits","shortName":"Meal Kits","url":"/sfbay/meal-kits","hidden":false,"subcategories":[{"id":"meals-3dinner-kits","name":"3-Dinner Kits","url":"/sfbay/meal-kits#meals-3dinner-kits","pageUrl":"/sfbay/meal-kits/meals-3dinner-kits"},{"id":"meals-mains","name":"Main Course","url":"/sfbay/meal-kits#meals-mains","pageUrl":"/sfbay/meal-kits/meals-mains"},{"id":"meals-special-diets","name":"Special Diets","url":"/sfbay/meal-kits#meals-special-diets","pageUrl":"/sfbay/meal-kits/meals-special-diets"},{"id":"meals-celebrations","name":"Celebrations","url":"/sfbay/meal-kits#meals-celebrations","pageUrl":"/sfbay/meal-kits/meals-celebrations"},{"id":"meals-appetizers","name":"Appetizers","url":"/sfbay/meal-kits#meals-appetizers","pageUrl":"/sfbay/meal-kits/meals-appetizers"},{"id":"meals-platters","name":"Boards & Platters","url":"/sfbay/meal-kits#meals-platters","pageUrl":"/sfbay/meal-kits/meals-platters"},{"id":"meals-sides","name":"Side Dishes","url":"/sfbay/meal-kits#meals-sides","pageUrl":"/sfbay/meal-kits/meals-sides"},{"id":"meals-sidesalads","name":"Side Salads","url":"/sfbay/meal-kits#meals-sidesalads","pageUrl":"/sfbay/meal-kits/meals-sidesalads"},{"id":"meals-lunch","name":"Quick & Easy Lunch","url":"/sfbay/meal-kits#meals-lunch","pageUrl":"/sfbay/meal-kits/meals-lunch"},{"id":"meals-desserts","name":"Desserts","url":"/sfbay/meal-kits#meals-desserts","pageUrl":"/sfbay/meal-kits/meals-desserts"},{"id":"meals-kidscooking","name":"Cooking With Kids","url":"/sfbay/meal-kits#meals-kidscooking","pageUrl":"/sfbay/meal-kits/meals-kidscooking"},{"id":"meals-onepot","name":"One-Pot Cooking","url":"/sfbay/meal-kits#meals-onepot","pageUrl":"/sfbay/meal-kits/meals-onepot"},{"id":"meals-family","name":"Family Favorites","url":"/sfbay/meal-kits#meals-family","pageUrl":"/sfbay/meal-kits/meals-family"},{"id":"meals-alcohol","name":"Cocktails","url":"/sfbay/meal-kits#meals-alcohol","pageUrl":"/sfbay/meal-kits/meals-alcohol"}]},{"id":"produce","name":"Produce & Floral","shortName":"Produce","url":"/sfbay/produce","hidden":false,"subcategories":[{"id":"produce-peak-season","name":"New & Peak Season","url":"/sfbay/produce#produce-peak-season","pageUrl":"/sfbay/produce/produce-peak-season"},{"id":"produce-csa-boxes","name":"CSA Boxes","url":"/sfbay/produce#produce-csa-boxes","pageUrl":"/sfbay/produce/produce-csa-boxes"},{"id":"produce-prepped-fruit","name":"Prepped Fruit","url":"/sfbay/produce#produce-prepped-fruit","pageUrl":"/sfbay/produce/produce-prepped-fruit"},{"id":"produce-prepped-vegetables","name":"Prepped Vegetables","url":"/sfbay/produce#produce-prepped-vegetables","pageUrl":"/sfbay/produce/produce-prepped-vegetables"},{"id":"produce-flowers","name":"Flowers","url":"/sfbay/produce#produce-flowers","pageUrl":"/sfbay/produce/produce-flowers"},{"id":"produce-fruit","name":"Fruits","url":"/sfbay/produce#produce-fruit","pageUrl":"/sfbay/produce/produce-fruit"},{"id":"produce-avocados","name":"Avocados","url":"/sfbay/produce#produce-avocados","pageUrl":"/sfbay/produce/produce-avocados"},{"id":"produce-vegetables","name":"Vegetables","url":"/sfbay/produce#produce-vegetables","pageUrl":"/sfbay/produce/produce-vegetables"},{"id":"produce-greens","name":"Greens","url":"/sfbay/produce#produce-greens","pageUrl":"/sfbay/produce/produce-greens"},{"id":"produce-mushrooms","name":"Mushrooms","url":"/sfbay/produce#produce-mushrooms","pageUrl":"/sfbay/produce/produce-mushrooms"},{"id":"produce-roots","name":"Potatoes & Beets","url":"/sfbay/produce#produce-roots","pageUrl":"/sfbay/produce/produce-roots"},{"id":"produce-garlic-onions","name":"Garlic & Onions","url":"/sfbay/produce#produce-garlic-onions","pageUrl":"/sfbay/produce/produce-garlic-onions"},{"id":"produce-herbs","name":"Herbs","url":"/sfbay/produce#produce-herbs","pageUrl":"/sfbay/produce/produce-herbs"},{"id":"produce-bulk","name":"Bulk Produce","url":"/sfbay/produce#produce-bulk","pageUrl":"/sfbay/produce/produce-bulk"},{"id":"produce-frozen-fruit-vegetables","name":"Frozen Fruit & Vegetables","url":"/sfbay/produce#produce-frozen-fruit-vegetables","pageUrl":"/sfbay/produce/produce-frozen-fruit-vegetables"}]},{"id":"dairy","name":"Dairy","shortName":"Dairy","url":"/sfbay/dairy","hidden":false,"subcategories":[{"id":"dairy-featured","name":"Ice Cream Sundaes","url":"/sfbay/dairy#dairy-featured","pageUrl":"/sfbay/dairy/dairy-featured"},{"id":"dairy-gek","name":"Good Eggs Cheese Shop","url":"/sfbay/dairy#dairy-gek","pageUrl":"/sfbay/dairy/dairy-gek"},{"id":"dairy-milk","name":"Milk","url":"/sfbay/dairy#dairy-milk","pageUrl":"/sfbay/dairy/dairy-milk"},{"id":"dairy-non-dairy-milk","name":"Non-Dairy Milk","url":"/sfbay/dairy#dairy-non-dairy-milk","pageUrl":"/sfbay/dairy/dairy-non-dairy-milk"},{"id":"dairy-cream","name":"Cream","url":"/sfbay/dairy#dairy-cream","pageUrl":"/sfbay/dairy/dairy-cream"},{"id":"dairy-pastured-eggs","name":"Eggs","url":"/sfbay/dairy#dairy-pastured-eggs","pageUrl":"/sfbay/dairy/dairy-pastured-eggs"},{"id":"dairy-yogurt","name":"Yogurt","url":"/sfbay/dairy#dairy-yogurt","pageUrl":"/sfbay/dairy/dairy-yogurt"},{"id":"nondairy-yogurt","name":"Non-Dairy Yogurt","url":"/sfbay/dairy#nondairy-yogurt","pageUrl":"/sfbay/dairy/nondairy-yogurt"},{"id":"dairy-butter","name":"Butter & Cultured Dairy","url":"/sfbay/dairy#dairy-butter","pageUrl":"/sfbay/dairy/dairy-butter"},{"id":"dairy-cheese","name":"Cheese","url":"/sfbay/dairy#dairy-cheese","pageUrl":"/sfbay/dairy/dairy-cheese"},{"id":"dairy-meat-alternatives","name":"Tofu & Meat Alternatives","url":"/sfbay/dairy#dairy-meat-alternatives","pageUrl":"/sfbay/dairy/dairy-meat-alternatives"},{"id":"dairy-desserts","name":"Ice Cream & Desserts","url":"/sfbay/dairy#dairy-desserts","pageUrl":"/sfbay/dairy/dairy-desserts"}]},{"id":"meat-fish","name":"Meat & Fish","shortName":"Meat & Fish","url":"/sfbay/meat-fish","hidden":false,"subcategories":[{"id":"meat-fish-featured","name":"Barbecue is Back","url":"/sfbay/meat-fish#meat-fish-featured","pageUrl":"/sfbay/meat-fish/meat-fish-featured"},{"id":"meat-gek","name":"Good Eggs Kitchen","url":"/sfbay/meat-fish#meat-gek","pageUrl":"/sfbay/meat-fish/meat-gek"},{"id":"meat-fish-poultry","name":"Poultry","url":"/sfbay/meat-fish#meat-fish-poultry","pageUrl":"/sfbay/meat-fish/meat-fish-poultry"},{"id":"meat-fish-bacon","name":"Sausage & Bacon","url":"/sfbay/meat-fish#meat-fish-bacon","pageUrl":"/sfbay/meat-fish/meat-fish-bacon"},{"id":"meat-fish-beef","name":"Beef","url":"/sfbay/meat-fish#meat-fish-beef","pageUrl":"/sfbay/meat-fish/meat-fish-beef"},{"id":"meat-fish-pork","name":"Pork","url":"/sfbay/meat-fish#meat-fish-pork","pageUrl":"/sfbay/meat-fish/meat-fish-pork"},{"id":"meat-fish-lamb","name":"Lamb & Game Meat","url":"/sfbay/meat-fish#meat-fish-lamb","pageUrl":"/sfbay/meat-fish/meat-fish-lamb"},{"id":"meat-fish-deli-charcuterie","name":"Deli Meat & Charcuterie","url":"/sfbay/meat-fish#meat-fish-deli-charcuterie","pageUrl":"/sfbay/meat-fish/meat-fish-deli-charcuterie"},{"id":"meat-fish-sausage-jerky","name":"Jerky","url":"/sfbay/meat-fish#meat-fish-sausage-jerky","pageUrl":"/sfbay/meat-fish/meat-fish-sausage-jerky"},{"id":"meat-fish-fish","name":"Fish & Shellfish","url":"/sfbay/meat-fish#meat-fish-fish","pageUrl":"/sfbay/meat-fish/meat-fish-fish"},{"id":"meat-fish-smoked","name":"Smoked & Canned Fish","url":"/sfbay/meat-fish#meat-fish-smoked","pageUrl":"/sfbay/meat-fish/meat-fish-smoked"},{"id":"meat-fish-rubs-marinades","name":"Rubs & Marinades","url":"/sfbay/meat-fish#meat-fish-rubs-marinades","pageUrl":"/sfbay/meat-fish/meat-fish-rubs-marinades"},{"id":"meat-fish-bones-offal","name":"Bones & Offal","url":"/sfbay/meat-fish#meat-fish-bones-offal","pageUrl":"/sfbay/meat-fish/meat-fish-bones-offal"}]},{"id":"prepared","name":"Prepared","shortName":"Prepared","url":"/sfbay/prepared","hidden":false,"subcategories":[{"id":"featured-prepared","name":"Memorial Day Favorites","url":"/sfbay/prepared#featured-prepared","pageUrl":"/sfbay/prepared/featured-prepared"},{"id":"good-eggs-kitchen","name":"Good Eggs Kitchen","url":"/sfbay/prepared#good-eggs-kitchen","pageUrl":"/sfbay/prepared/good-eggs-kitchen"},{"id":"meals-entrees","name":"Entrees","url":"/sfbay/prepared#meals-entrees","pageUrl":"/sfbay/prepared/meals-entrees"},{"id":"meals-sides-and-salads","name":"Sides & Salads","url":"/sfbay/prepared#meals-sides-and-salads","pageUrl":"/sfbay/prepared/meals-sides-and-salads"},{"id":"meals-soups-stews","name":"Soups & Stews","url":"/sfbay/prepared#meals-soups-stews","pageUrl":"/sfbay/prepared/meals-soups-stews"},{"id":"meals-pasta","name":"Pasta & Sauce","url":"/sfbay/prepared#meals-pasta","pageUrl":"/sfbay/prepared/meals-pasta"},{"id":"meals-pizza","name":"Pizza","url":"/sfbay/prepared#meals-pizza","pageUrl":"/sfbay/prepared/meals-pizza"},{"id":"meals-frozen","name":"Frozen","url":"/sfbay/prepared#meals-frozen","pageUrl":"/sfbay/prepared/meals-frozen"},{"id":"meals-vegan-raw","name":"Vegan & Raw","url":"/sfbay/prepared#meals-vegan-raw","pageUrl":"/sfbay/prepared/meals-vegan-raw"}]},{"id":"alcohol","name":"Alcohol","shortName":"Alcohol","url":"/sfbay/alcohol","hidden":false,"subcategories":[{"id":"alcohol-featured","name":"Perfect for Picnicking","url":"/sfbay/alcohol#alcohol-featured","pageUrl":"/sfbay/alcohol/alcohol-featured"},{"id":"alcohol-beer","name":"Beer","url":"/sfbay/alcohol#alcohol-beer","pageUrl":"/sfbay/alcohol/alcohol-beer"},{"id":"alcohol-spirits","name":"Spirits","url":"/sfbay/alcohol#alcohol-spirits","pageUrl":"/sfbay/alcohol/alcohol-spirits"},{"id":"alcohol-canned-cocktails","name":"Canned Cocktails","url":"/sfbay/alcohol#alcohol-canned-cocktails","pageUrl":"/sfbay/alcohol/alcohol-canned-cocktails"},{"id":"alcohol-red-wine","name":"Red Wine","url":"/sfbay/alcohol#alcohol-red-wine","pageUrl":"/sfbay/alcohol/alcohol-red-wine"},{"id":"alcohol-white-wine","name":"White Wine","url":"/sfbay/alcohol#alcohol-white-wine","pageUrl":"/sfbay/alcohol/alcohol-white-wine"},{"id":"alcohol-rose-wine","name":"Ros\u00e9 Wine","url":"/sfbay/alcohol#alcohol-rose-wine","pageUrl":"/sfbay/alcohol/alcohol-rose-wine"},{"id":"alcohol-sparkling-wine","name":"Sparkling Wine","url":"/sfbay/alcohol#alcohol-sparkling-wine","pageUrl":"/sfbay/alcohol/alcohol-sparkling-wine"},{"id":"alcohol-canned-wine","name":"Canned Wine","url":"/sfbay/alcohol#alcohol-canned-wine","pageUrl":"/sfbay/alcohol/alcohol-canned-wine"},{"id":"alcohol-fortified-wine","name":"Fortified Wine","url":"/sfbay/alcohol#alcohol-fortified-wine","pageUrl":"/sfbay/alcohol/alcohol-fortified-wine"},{"id":"alcohol-cider","name":"Hard Cider","url":"/sfbay/alcohol#alcohol-cider","pageUrl":"/sfbay/alcohol/alcohol-cider"},{"id":"alcohol-sake","name":"Sake","url":"/sfbay/alcohol#alcohol-sake","pageUrl":"/sfbay/alcohol/alcohol-sake"},{"id":"alcohol-wine-under-15","name":"Wines Under $15","url":"/sfbay/alcohol#alcohol-wine-under-15","pageUrl":"/sfbay/alcohol/alcohol-wine-under-15"},{"id":"alcohol-collections","name":"Wine & Cocktail Collections","url":"/sfbay/alcohol#alcohol-collections","pageUrl":"/sfbay/alcohol/alcohol-collections"}]},{"id":"snacks","name":"Snacks","shortName":"Snacks","url":"/sfbay/snacks","hidden":false,"subcategories":[{"id":"snacks-featured","name":"Lunchbox Snacks","url":"/sfbay/snacks#snacks-featured","pageUrl":"/sfbay/snacks/snacks-featured"},{"id":"snacks-gek","name":"Good Eggs Kitchen","url":"/sfbay/snacks#snacks-gek","pageUrl":"/sfbay/snacks/snacks-gek"},{"id":"snacks-bars","name":"Bars","url":"/sfbay/snacks#snacks-bars","pageUrl":"/sfbay/snacks/snacks-bars"},{"id":"snacks-chips","name":"Chips","url":"/sfbay/snacks#snacks-chips","pageUrl":"/sfbay/snacks/snacks-chips"},{"id":"snacks-crackers","name":"Crackers","url":"/sfbay/snacks#snacks-crackers","pageUrl":"/sfbay/snacks/snacks-crackers"},{"id":"snacks-salsa-dips","name":"Salsa & Dips","url":"/sfbay/snacks#snacks-salsa-dips","pageUrl":"/sfbay/snacks/snacks-salsa-dips"},{"id":"snacks-dried-fruit-nuts","name":"Dried Fruit & Nuts","url":"/sfbay/snacks#snacks-dried-fruit-nuts","pageUrl":"/sfbay/snacks/snacks-dried-fruit-nuts"},{"id":"snacks-savory-snacks","name":"Savory Snacks","url":"/sfbay/snacks#snacks-savory-snacks","pageUrl":"/sfbay/snacks/snacks-savory-snacks"},{"id":"snacks-pickles-olives","name":"Pickles & Olives","url":"/sfbay/snacks#snacks-pickles-olives","pageUrl":"/sfbay/snacks/snacks-pickles-olives"},{"id":"snacks-chocolate-bars-sweets","name":"Chocolate & Candy","url":"/sfbay/snacks#snacks-chocolate-bars-sweets","pageUrl":"/sfbay/snacks/snacks-chocolate-bars-sweets"},{"id":"snacks-cookies","name":"Cookies","url":"/sfbay/snacks#snacks-cookies","pageUrl":"/sfbay/snacks/snacks-cookies"},{"id":"snacks-gf-cookies","name":"Gluten-Free Cookies","url":"/sfbay/snacks#snacks-gf-cookies","pageUrl":"/sfbay/snacks/snacks-gf-cookies"}]},{"id":"drinks","name":"Drinks","shortName":"Drinks","url":"/sfbay/drinks","hidden":false,"subcategories":[{"id":"drinks-featured","name":"Iced Brews","url":"/sfbay/drinks#drinks-featured","pageUrl":"/sfbay/drinks/drinks-featured"},{"id":"drinks-juice","name":"Juice & Smoothies","url":"/sfbay/drinks#drinks-juice","pageUrl":"/sfbay/drinks/drinks-juice"},{"id":"drinks-water-seltzer","name":"Water & Seltzer","url":"/sfbay/drinks#drinks-water-seltzer","pageUrl":"/sfbay/drinks/drinks-water-seltzer"},{"id":"drinks-soda","name":"Soda","url":"/sfbay/drinks#drinks-soda","pageUrl":"/sfbay/drinks/drinks-soda"},{"id":"drinks-kombucha","name":"Kombucha & Tonics","url":"/sfbay/drinks#drinks-kombucha","pageUrl":"/sfbay/drinks/drinks-kombucha"},{"id":"drinks-functional-beverages","name":"Functional Beverages","url":"/sfbay/drinks#drinks-functional-beverages","pageUrl":"/sfbay/drinks/drinks-functional-beverages"},{"id":"drinks-coffee","name":"Coffee","url":"/sfbay/drinks#drinks-coffee","pageUrl":"/sfbay/drinks/drinks-coffee"},{"id":"drinks-tea","name":"Tea","url":"/sfbay/drinks#drinks-tea","pageUrl":"/sfbay/drinks/drinks-tea"},{"id":"drinks-cocoa","name":"Cocoa","url":"/sfbay/drinks#drinks-cocoa","pageUrl":"/sfbay/drinks/drinks-cocoa"},{"id":"drinks-tonics-mixers","name":"Mixers & Concentrates","url":"/sfbay/drinks#drinks-tonics-mixers","pageUrl":"/sfbay/drinks/drinks-tonics-mixers"}]},{"id":"bakery","name":"Bakery","shortName":"Bakery","url":"/sfbay/bakery","hidden":false,"subcategories":[{"id":"bakery-featured","name":"Potluck Sweets","url":"/sfbay/bakery#bakery-featured","pageUrl":"/sfbay/bakery/bakery-featured"},{"id":"bakery-bread","name":"Bread","url":"/sfbay/bakery#bakery-bread","pageUrl":"/sfbay/bakery/bakery-bread"},{"id":"bakery-rolls-buns","name":"Rolls & Buns","url":"/sfbay/bakery#bakery-rolls-buns","pageUrl":"/sfbay/bakery/bakery-rolls-buns"},{"id":"bakery-bagels-pastries","name":"Bagels & Breakfast","url":"/sfbay/bakery#bakery-bagels-pastries","pageUrl":"/sfbay/bakery/bakery-bagels-pastries"},{"id":"bakery-tortillas-flatbread","name":"Tortillas & Flatbreads","url":"/sfbay/bakery#bakery-tortillas-flatbread","pageUrl":"/sfbay/bakery/bakery-tortillas-flatbread"},{"id":"bakery-cookies-brownies","name":"Cookies & Brownies","url":"/sfbay/bakery#bakery-cookies-brownies","pageUrl":"/sfbay/bakery/bakery-cookies-brownies"},{"id":"bakery-cakes-pies","name":"Cakes & Pies","url":"/sfbay/bakery#bakery-cakes-pies","pageUrl":"/sfbay/bakery/bakery-cakes-pies"},{"id":"bakery-gluten-free-bread","name":"Gluten-Free Bread","url":"/sfbay/bakery#bakery-gluten-free-bread","pageUrl":"/sfbay/bakery/bakery-gluten-free-bread"},{"id":"bakery-gluten-free-baked-goods","name":"Gluten-Free Baked Goods","url":"/sfbay/bakery#bakery-gluten-free-baked-goods","pageUrl":"/sfbay/bakery/bakery-gluten-free-baked-goods"},{"id":"bakery-batter-dough","name":"Batter & Dough","url":"/sfbay/bakery#bakery-batter-dough","pageUrl":"/sfbay/bakery/bakery-batter-dough"}]},{"id":"pantry","name":"Pantry","shortName":"Pantry","url":"/sfbay/pantry","hidden":false,"subcategories":[{"id":"pantry-featured","name":"New to the Market","url":"/sfbay/pantry#pantry-featured","pageUrl":"/sfbay/pantry/pantry-featured"},{"id":"pantry-gek","name":"Good Eggs Kitchen","url":"/sfbay/pantry#pantry-gek","pageUrl":"/sfbay/pantry/pantry-gek"},{"id":"pantry-granola-cereal","name":"Cereal & Granola","url":"/sfbay/pantry#pantry-granola-cereal","pageUrl":"/sfbay/pantry/pantry-granola-cereal"},{"id":"pantry-nut-butters-fruit-spreads","name":"Nut Butters & Fruit Spreads","url":"/sfbay/pantry#pantry-nut-butters-fruit-spreads","pageUrl":"/sfbay/pantry/pantry-nut-butters-fruit-spreads"},{"id":"pantry-pasta-sauce","name":"Pasta & Sauce","url":"/sfbay/pantry#pantry-pasta-sauce","pageUrl":"/sfbay/pantry/pantry-pasta-sauce"},{"id":"pantry-grains-rice-beans","name":"Grains, Rice & Dried Beans","url":"/sfbay/pantry#pantry-grains-rice-beans","pageUrl":"/sfbay/pantry/pantry-grains-rice-beans"},{"id":"pantry-canned-goods","name":"Canned & Jarred","url":"/sfbay/pantry#pantry-canned-goods","pageUrl":"/sfbay/pantry/pantry-canned-goods"},{"id":"pantry-pickles-olives","name":"Pickles & Olives","url":"/sfbay/pantry#pantry-pickles-olives","pageUrl":"/sfbay/pantry/pantry-pickles-olives"},{"id":"pantry-baking-ingredients","name":"Baking Ingredients","url":"/sfbay/pantry#pantry-baking-ingredients","pageUrl":"/sfbay/pantry/pantry-baking-ingredients"},{"id":"pantry-baking-gluten-free","name":"Gluten-Free & Paleo Baking","url":"/sfbay/pantry#pantry-baking-gluten-free","pageUrl":"/sfbay/pantry/pantry-baking-gluten-free"},{"id":"sugars-sweeteners","name":"Sugars & Sweeteners","url":"/sfbay/pantry#sugars-sweeteners","pageUrl":"/sfbay/pantry/sugars-sweeteners"},{"id":"pantry-oil-vinegar","name":"Oil & Vinegar","url":"/sfbay/pantry#pantry-oil-vinegar","pageUrl":"/sfbay/pantry/pantry-oil-vinegar"},{"id":"pantry-stocks-broths","name":"Stocks & Broths","url":"/sfbay/pantry#pantry-stocks-broths","pageUrl":"/sfbay/pantry/pantry-stocks-broths"},{"id":"pantry-sauces-condiments","name":"Sauces & Condiments","url":"/sfbay/pantry#pantry-sauces-condiments","pageUrl":"/sfbay/pantry/pantry-sauces-condiments"},{"id":"pantry-herbs-spices","name":"Herbs & Spices","url":"/sfbay/pantry#pantry-herbs-spices","pageUrl":"/sfbay/pantry/pantry-herbs-spices"},{"id":"pantry-baby-food","name":"Baby Food","url":"/sfbay/pantry#pantry-baby-food","pageUrl":"/sfbay/pantry/pantry-baby-food"}]},{"id":"health-home","name":"Health & Home","shortName":"Health & Home","url":"/sfbay/health-home","hidden":false,"subcategories":[{"id":"health-home-cleaning","name":"Cleaning","url":"/sfbay/health-home#health-home-cleaning","pageUrl":"/sfbay/health-home/health-home-cleaning"},{"id":"health-home-laundry","name":"Laundry","url":"/sfbay/health-home#health-home-laundry","pageUrl":"/sfbay/health-home/health-home-laundry"},{"id":"health-home-kitchen","name":"Kitchen Essentials","url":"/sfbay/health-home#health-home-kitchen","pageUrl":"/sfbay/health-home/health-home-kitchen"},{"id":"health-home-paper","name":"Paper Goods","url":"/sfbay/health-home#health-home-paper","pageUrl":"/sfbay/health-home/health-home-paper"},{"id":"health-home-trash","name":"Trash & Compost","url":"/sfbay/health-home#health-home-trash","pageUrl":"/sfbay/health-home/health-home-trash"},{"id":"health-home-hygiene","name":"Personal Care","url":"/sfbay/health-home#health-home-hygiene","pageUrl":"/sfbay/health-home/health-home-hygiene"},{"id":"health-home-wellness","name":"Wellness","url":"/sfbay/health-home#health-home-wellness","pageUrl":"/sfbay/health-home/health-home-wellness"},{"id":"health-home-bath-body","name":"Bath & Body","url":"/sfbay/health-home#health-home-bath-body","pageUrl":"/sfbay/health-home/health-home-bath-body"},{"id":"health-home-vitamins-supplements","name":"Vitamins & Supplements","url":"/sfbay/health-home#health-home-vitamins-supplements","pageUrl":"/sfbay/health-home/health-home-vitamins-supplements"},{"id":"health-home-homekeeping","name":"Homekeeping","url":"/sfbay/health-home#health-home-homekeeping","pageUrl":"/sfbay/health-home/health-home-homekeeping"}]}],"currentFulfillmentDay":"2021-05-25","features":[""],"foodhub":{"name":"Maritime Fulfillment Center","slug":"MAR1","tzid":"America/Los_Angeles","isActive":true,"isFulfillmentCenter":true,"isProductionCenter":false,"location":{"name":"Good Eggs","address":"2000 Maritime St.","address2":"Bldg 2","city":"Oakland","state":"CA","zip":"94607"}},"fulfillmentDaySummaries":[{"day":"2021-05-24","status":"closed","cutoffDate":"2021-05-24T20:00:00.000Z","isDefault":false,"preorderPeriodIds":[]},{"day":"2021-05-25","status":"available","cutoffDate":"2021-05-25T20:00:00.000Z","isDefault":true,"preorderPeriodIds":[]},{"day":"2021-05-26","status":"available","cutoffDate":"2021-05-26T20:00:00.000Z","isDefault":false,"preorderPeriodIds":[]},{"day":"2021-05-27","status":"available","cutoffDate":"2021-05-27T20:00:00.000Z","isDefault":false,"preorderPeriodIds":[]}],"fulfillmentDaysByDay":{"2021-05-24":{"day":"2021-05-24","status":"closed","cutoffDate":"2021-05-24T20:00:00.000Z","isDefault":false,"preorderPeriodIds":[]},"2021-05-25":{"day":"2021-05-25","status":"available","cutoffDate":"2021-05-25T20:00:00.000Z","isDefault":true,"preorderPeriodIds":[]},"2021-05-26":{"day":"2021-05-26","status":"available","cutoffDate":"2021-05-26T20:00:00.000Z","isDefault":false,"preorderPeriodIds":[]},"2021-05-27":{"day":"2021-05-27","status":"available","cutoffDate":"2021-05-27T20:00:00.000Z","isDefault":false,"preorderPeriodIds":[]}},"upcomingPreorderPeriods":[],"accounting":{"orderMinimum":3000,"freeDeliveryMinimum":8000,"smallOrderFee":500,"deliveryCharge":799,"goodJobsFee":{"min":225,"max":1499,"subtotalRate":0.075}},"referrals":{"kickbackValue":2000,"giftValue":2500},"deliveryRestrictedMinimumWindowStart":13,"appPromoModal":null,"promoCodeRedeemed":null,"shoppingNotificationModal":{"show":false},"dayChooserModal":{"open":false},"flash":{"productAnnouncement":null},"location":"/sfbay/health-home","favorites":[],"upcomingOrders":[],"foodhubSlug":"MAR1","selectedFulfillmentOffer":null,"error":null,"selectedNavId":"health-home","selectedCategoryId":"health-home","vendor":null,"vendorImageUrl":null,"settings":{"googleAuthenticateClientId":"407164768904-vnp7talir4vgihtqrlgqoc90f607lgi0.apps.googleusercontent.com"}}});</script><script>window.store.dispatch({type: 'PRODUCT_LISTINGS_LAZY_PRODUCTS_HAVE_LANDED', lazyProducts: {"5bd79a1352afce000f044dd5":{"id":"5bd79a1352afce000f044dd5","name":"Free & Clear Dish Soap","photoUrl":"https://goodeggs4.imgix.net/fd484b64-d465-428e-bef5-6f6ce1fd8aab.jpg?w=380&h=238&fm=jpg&auto=compress&fit=crop","url":"/sfbay/ecossfbay/free-clear-dish-soap/5bd79a1352afce000f044dd5","promotionalProductType":"none","isDeliveryRestricted":false,"orderTypes":["single"],"retailUnits":"25 oz","retailPrice":399,"quantityOptions":[{"quantitySubscriptionDiscount":0,"quantity":1},{"quantitySubscriptionDiscount":0,"quantity":2},{"quantitySubscriptionDiscount":0,"quantity":3},{"quantitySubscriptionDiscount":0,"quantity":4},{"quantitySubscriptionDiscount":0,"quantity":5},{"quantitySubscriptionDiscount":0,"quantity":6},{"quantitySubscriptionDiscount":0,"quantity":7},{"quantitySubscriptionDiscount":0,"quantity":8},{"quantitySubscriptionDiscount":0,"quantity":9},{"quantitySubscriptionDiscount":0,"quantity":10}],"quantityDetails":null,"comparisonUnitPrice":16,"comparisonUnitName":"oz","maxQuantity":10,"scheduleEntries":[],"vendor":{"city":"Cypress, CA","name":"ECOS","shortDescription":"ECOS wants to make green cleaning a reality for all by using sustainable practices that protect people and the planet. Made in facilities powered by 100% renewable energy, ECOS empowers a natural clean at a price you can afford.","slug":"ecossfbay","thumbnailUrl":"https://goodeggs4.imgix.net/kT2HrYgxT5ye9hJqVZCq_Earth-Friendly-Products-5-768x454 - Corey Rateau.png?w=560&h=350&fm=jpg&q=41&fit=crop&crop=faces","url":"/ecossfbay"},"currentProducer":{"city":"Cypress, CA","name":"ECOS","shortDescription":"ECOS wants to make green cleaning a reality for all by using sustainable practices that protect people and the planet. Made in facilities powered by 100% renewable energy, ECOS empowers a natural clean at a price you can afford.","slug":"ecossfbay","thumbnailUrl":"https://goodeggs4.imgix.net/kT2HrYgxT5ye9hJqVZCq_Earth-Friendly-Products-5-768x454 - Corey Rateau.png?w=560&h=350&fm=jpg&q=41&fit=crop&crop=faces","url":"/ecossfbay"},"otherProducers":[],"productType":"Dish Soap","canSubscribe":false,"availabilitiesByDay":{"2021-05-24":{"status":"available","quantity":556},"2021-05-25":{"status":"available","quantity":556},"2021-05-26":{"status":"available","quantity":556},"2021-05-27":{"status":"available","quantity":556},"2021-05-28":{"status":"available","quantity":556},"2021-05-29":{"status":"available","quantity":556}},"isMealPlan":false},"5bd79b8552afce000f044de8":{"id":"5bd79b8552afce000f044de8","name":"Grapefruit Dish Soap","photoUrl":"https://goodeggs4.imgix.net/39314ca3-4758-4ace-af09-035e1ace07b4.jpg?w=380&h=238&fm=jpg&auto=compress&fit=crop","url":"/sfbay/ecossfbay/grapefruit-dish-soap/5bd79b8552afce000f044de8","promotionalProductType":"none","isDeliveryRestricted":false,"orderTypes":["single"],"retailUnits":"25 oz","retailPrice":399,"quantityOptions":[{"quantitySubscriptionDiscount":0,"quantity":1},{"quantitySubscriptionDiscount":0,"quantity":2},{"quantitySubscriptionDiscount":0,"quantity":3},{"quantitySubscriptionDiscount":0,"quantity":4},{"quantitySubscriptionDiscount":0,"quantity":5},{"quantitySubscriptionDiscount":0,"quantity":6},{"quantitySubscriptionDiscount":0,"quantity":7},{"quantitySubscriptionDiscount":0,"quantity":8},{"quantitySubscriptionDiscount":0,"quantity":9},{"quantitySubscriptionDiscount":0,"quantity":10}],"quantityDetails":null,"comparisonUnitPrice":16,"comparisonUnitName":"oz","maxQuantity":10,"scheduleEntries":[],"vendor":{"city":"Cypress, CA","name":"ECOS","shortDescription":"ECOS wants to make green cleaning a reality for all by using sustainable practices that protect people and the planet. Made in facilities powered by 100% renewable energy, ECOS empowers a natural clean at a price you can afford.","slug":"ecossfbay","thumbnailUrl":"https://goodeggs4.imgix.net/kT2HrYgxT5ye9hJqVZCq_Earth-Friendly-Products-5-768x454 - Corey Rateau.png?w=560&h=350&fm=jpg&q=41&fit=crop&crop=faces","url":"/ecossfbay"},"currentProducer":{"city":"Cypress, CA","name":"ECOS","shortDescription":"ECOS wants to make green cleaning a reality for all by using sustainable practices that protect people and the planet. Made in facilities powered by 100% renewable energy, ECOS empowers a natural clean at a price you can afford.","slug":"ecossfbay","thumbnailUrl":"https://goodeggs4.imgix.net/kT2HrYgxT5ye9hJqVZCq_Earth-Friendly-Products-5-768x454 - Corey Rateau.png?w=560&h=350&fm=jpg&q=41&fit=crop&crop=faces","url":"/ecossfbay"},"otherProducers":[],"productType":"Dish Soap","canSubscribe":false,"availabilitiesByDay":{"2021-05-24":{"status":"available","quantity":293},"2021-05-25":{"status":"available","quantity":293},"2021-05-26":{"status":"available","quantity":293},"2021-05-27":{"status":"available","quantity":293},"2021-05-28":{"status":"available","quantity":293},"2021-05-29":{"status":"available","quantity":293}},"isMealPlan":false},"5bd79c2a52afce000f044e0d":{"id":"5bd79c2a52afce000f044e0d","name":"Lavender Dish Soap","photoUrl":"https://goodeggs4.imgix.net/42bff9f1-6195-4a4c-b93e-9da3b60688bb.jpg?w=380&h=238&fm=jpg&auto=compress&fit=crop","url":"/sfbay/ecossfbay/lavender-dish-soap/5bd79c2a52afce000f044e0d","promotionalProductType":"none","isDeliveryRestricted":false,"orderTypes":["single"],"retailUnits":"25 oz","retailPrice":399,"quantityOptions":[{"quantitySubscriptionDiscount":0,"quantity":1},{"quantitySubscriptionDiscount":0,"quantity":2},{"quantitySubscriptionDiscount":0,"quantity":3},{"quantitySubscriptionDiscount":0,"quantity":4},{"quantitySubscriptionDiscount":0,"quantity":5},{"quantitySubscriptionDiscount":0,"quantity":6},{"quantitySubscriptionDiscount":0,"quantity":7},{"quantitySubscriptionDiscount":0,"quantity":8},{"quantitySubscriptionDiscount":0,"quantity":9},{"quantitySubscriptionDiscount":0,"quantity":10}],"quantityDetails":null,"comparisonUnitPrice":16,"comparisonUnitName":"oz","maxQuantity":10,"scheduleEntries":[],"vendor":{"city":"Cypress, CA","name":"ECOS","shortDescription":"ECOS wants to make green cleaning a reality for all by using sustainable practices that protect people and the planet. Made in facilities powered by 100% renewable energy, ECOS empowers a natural clean at a price you can afford.","slug":"ecossfbay","thumbnailUrl":"https://goodeggs4.imgix.net/kT2HrYgxT5ye9hJqVZCq_Earth-Friendly-Products-5-768x454 - Corey Rateau.png?w=560&h=350&fm=jpg&q=41&fit=crop&crop=faces","url":"/ecossfbay"},"currentProducer":{"city":"Cypress, CA","name":"ECOS","shortDescription":"ECOS wants to make green cleaning a reality for all by using sustainable practices that protect people and the planet. Made in facilities powered by 100% renewable energy, ECOS empowers a natural clean at a price you can afford.","slug":"ecossfbay","thumbnailUrl":"https://goodeggs4.imgix.net/kT2HrYgxT5ye9hJqVZCq_Earth-Friendly-Products-5-768x454 - Corey Rateau.png?w=560&h=350&fm=jpg&q=41&fit=crop&crop=faces","url":"/ecossfbay"},"otherProducers":[],"productType":"Dish Soap","canSubscribe":false,"availabilitiesByDay":{"2021-05-24":{"status":"available","quantity":83},"2021-05-25":{"status":"available","quantity":83},"2021-05-26":{"status":"available","quantity":83},"2021-05-27":{"status":"available","quantity":83},"2021-05-28":{"status":"available","quantity":83},"2021-05-29":{"status":"available","quantity":83}},"isMealPlan":false},"5bd79f04ddee9d000fdfe61d":{"id":"5bd79f04ddee9d000fdfe61d","name":"Free & Clear Dishwasher Gel","photoUrl":"https://goodeggs4.imgix.net/26080daf-f57e-40aa-84ce-c5e74e0d8af4.jpg?w=380&h=238&fm=jpg&auto=compress&fit=crop","url":"/sfbay/ecossfbay/free-clear-dishwasher-gel/5bd79f04ddee9d000fdfe61d","promotionalProductType":"none","isDeliveryRestricted":false,"orderTypes":["single"],"retailUnits":"40 oz","retailPrice":499,"quantityOptions":[{"quantitySubscriptionDiscount":0,"quantity":1},{"quantitySubscriptionDiscount":0,"quantity":2},{"quantitySubscriptionDiscount":0,"quantity":3},{"quantitySubscriptionDiscount":0,"quantity":4},{"quantitySubscriptionDiscount":0,"quantity":5},{"quantitySubscriptionDiscount":0,"quantity":6},{"quantitySubscriptionDiscount":0,"quantity":7},{"quantitySubscriptionDiscount":0,"quantity":8},{"quantitySubscriptionDiscount":0,"quantity":9},{"quantitySubscriptionDiscount":0,"quantity":10}],"quantityDetails":null,"comparisonUnitPrice":12,"comparisonUnitName":"oz","maxQuantity":10,"scheduleEntries":[],"vendor":{"city":"Cypress, CA","name":"ECOS","shortDescription":"ECOS wants to make green cleaning a reality for all by using sustainable practices that protect people and the planet. Made in facilities powered by 100% renewable energy, ECOS empowers a natural clean at a price you can afford.","slug":"ecossfbay","thumbnailUrl":"https://goodeggs4.imgix.net/kT2HrYgxT5ye9hJqVZCq_Earth-Friendly-Products-5-768x454 - Corey Rateau.png?w=560&h=350&fm=jpg&q=41&fit=crop&crop=faces","url":"/ecossfbay"},"currentProducer":{"city":"Cypress, CA","name":"ECOS","shortDescription":"ECOS wants to make green cleaning a reality for all by using sustainable practices that protect people and the planet. Made in facilities powered by 100% renewable energy, ECOS empowers a natural clean at a price you can afford.","slug":"ecossfbay","thumbnailUrl":"https://goodeggs4.imgix.net/kT2HrYgxT5ye9hJqVZCq_Earth-Friendly-Products-5-768x454 - Corey Rateau.png?w=560&h=350&fm=jpg&q=41&fit=crop&crop=faces","url":"/ecossfbay"},"otherProducers":[],"productType":"Dishwasher Detergent & Pods","canSubscribe":false,"availabilitiesByDay":{"2021-05-24":{"status":"available","quantity":64},"2021-05-25":{"status":"available","quantity":64},"2021-05-26":{"status":"available","quantity":64},"2021-05-27":{"status":"available","quantity":64},"2021-05-28":{"status":"available","quantity":64},"2021-05-29":{"status":"available","quantity":64}},"isMealPlan":false},"5bd787afddee9d000fdfe3a9":{"id":"5bd787afddee9d000fdfe3a9","name":"Free & Clear Dishwasher Detergent Packs","photoUrl":"https://goodeggs4.imgix.net/7e43d44d-9a2a-4325-bb58-41d83909f131.jpg?w=380&h=238&fm=jpg&auto=compress&fit=crop","url":"/sfbay/seventhgenerationsfbay/free-clear-dishwasher-detergent-packs/5bd787afddee9d000fdfe3a9","promotionalProductType":"none","isDeliveryRestricted":false,"orderTypes":["single"],"retailUnits":"45 count","retailPrice":1499,"quantityOptions":[{"quantitySubscriptionDiscount":0,"quantity":1},{"quantitySubscriptionDiscount":0,"quantity":2},{"quantitySubscriptionDiscount":0,"quantity":3},{"quantitySubscriptionDiscount":0,"quantity":4},{"quantitySubscriptionDiscount":0,"quantity":5},{"quantitySubscriptionDiscount":0,"quantity":6},{"quantitySubscriptionDiscount":0,"quantity":7},{"quantitySubscriptionDiscount":0,"quantity":8},{"quantitySubscriptionDiscount":0,"quantity":9},{"quantitySubscriptionDiscount":0,"quantity":10}],"quantityDetails":"45 packs","comparisonUnitPrice":null,"comparisonUnitName":null,"maxQuantity":10,"scheduleEntries":[],"vendor":{"city":"Burlington, VT","name":"Seventh Generation","shortDescription":"Seventh Generation is a B Corporation based in Vermont, dedicated to nurturing the health of future generations while creating plant-based solutions for your home and family.","slug":"seventhgenerationsfbay","thumbnailUrl":"https://goodeggs4.imgix.net/de0b1845-9fd2-44af-9068-8e9b171cb94c.jpg?w=560&h=350&fm=jpg&q=41&fit=crop&crop=faces","url":"/seventhgenerationsfbay"},"currentProducer":{"city":"Burlington, VT","name":"Seventh Generation","shortDescription":"Seventh Generation is a B Corporation based in Vermont, dedicated to nurturing the health of future generations while creating plant-based solutions for your home and family.","slug":"seventhgenerationsfbay","thumbnailUrl":"https://goodeggs4.imgix.net/de0b1845-9fd2-44af-9068-8e9b171cb94c.jpg?w=560&h=350&fm=jpg&q=41&fit=crop&crop=faces","url":"/seventhgenerationsfbay"},"otherProducers":[],"productType":"Dishwasher Detergent & Pods","canSubscribe":false,"availabilitiesByDay":{"2021-05-24":{"status":"available","quantity":97},"2021-05-25":{"status":"available","quantity":97},"2021-05-26":{"status":"available","quantity":97},"2021-05-27":{"status":"available","quantity":97},"2021-05-28":{"status":"available","quantity":97},"2021-05-29":{"status":"available","quantity":97}},"isMealPlan":false},"5bd7847852afce000f044979":{"id":"5bd7847852afce000f044979","name":"Free & Clear Dishwasher Detergent Powder","photoUrl":"https://goodeggs4.imgix.net/e67bdabb-8b58-4259-9a43-fa8b4dfdc466.jpg?w=380&h=238&fm=jpg&auto=compress&fit=crop","url":"/sfbay/seventhgenerationsfbay/free-clear-dishwasher-detergent-powder/5bd7847852afce000f044979","promotionalProductType":"none","isDeliveryRestricted":false,"orderTypes":["single"],"retailUnits":"45 oz","retailPrice":649,"quantityOptions":[{"quantitySubscriptionDiscount":0,"quantity":1},{"quantitySubscriptionDiscount":0,"quantity":2},{"quantitySubscriptionDiscount":0,"quantity":3},{"quantitySubscriptionDiscount":0,"quantity":4},{"quantitySubscriptionDiscount":0,"quantity":5},{"quantitySubscriptionDiscount":0,"quantity":6},{"quantitySubscriptionDiscount":0,"quantity":7},{"quantitySubscriptionDiscount":0,"quantity":8},{"quantitySubscriptionDiscount":0,"quantity":9},{"quantitySubscriptionDiscount":0,"quantity":10}],"quantityDetails":"45 oz","comparisonUnitPrice":14,"comparisonUnitName":"oz","maxQuantity":10,"scheduleEntries":[],"vendor":{"city":"Burlington, VT","name":"Seventh Generation","shortDescription":"Seventh Generation is a B Corporation based in Vermont, dedicated to nurturing the health of future generations while creating plant-based solutions for your home and family.","slug":"seventhgenerationsfbay","thumbnailUrl":"https://goodeggs4.imgix.net/de0b1845-9fd2-44af-9068-8e9b171cb94c.jpg?w=560&h=350&fm=jpg&q=41&fit=crop&crop=faces","url":"/seventhgenerationsfbay"},"currentProducer":{"city":"Burlington, VT","name":"Seventh Generation","shortDescription":"Seventh Generation is a B Corporation based in Vermont, dedicated to nurturing the health of future generations while creating plant-based solutions for your home and family.","slug":"seventhgenerationsfbay","thumbnailUrl":"https://goodeggs4.imgix.net/de0b1845-9fd2-44af-9068-8e9b171cb94c.jpg?w=560&h=350&fm=jpg&q=41&fit=crop&crop=faces","url":"/seventhgenerationsfbay"},"otherProducers":[],"productType":"Dishwasher Detergent & Pods","canSubscribe":false,"availabilitiesByDay":{"2021-05-24":{"status":"available","quantity":122},"2021-05-25":{"status":"available","quantity":122},"2021-05-26":{"status":"available","quantity":122},"2021-05-27":{"status":"available","quantity":122},"2021-05-28":{"status":"available","quantity":122},"2021-05-29":{"status":"available","quantity":122}},"isMealPlan":false},"5bd7cd4452afce000f045032":{"id":"5bd7cd4452afce000f045032","name":"Meyer Lemon & Mandarin Hand Soap","photoUrl":"https://goodeggs4.imgix.net/417aa22f-318c-41ed-8251-5a5e8da3112c.jpg?w=380&h=238&fm=jpg&auto=compress&fit=crop","url":"/sfbay/eoproductssfbay/meyer-lemon-mandarin-hand-soap/5bd7cd4452afce000f045032","promotionalProductType":"none","isDeliveryRestricted":false,"orderTypes":["single"],"retailUnits":"12.75 oz","retailPrice":499,"quantityOptions":[{"quantitySubscriptionDiscount":0,"quantity":1},{"quantitySubscriptionDiscount":0,"quantity":2},{"quantitySubscriptionDiscount":0,"quantity":3},{"quantitySubscriptionDiscount":0,"quantity":4},{"quantitySubscriptionDiscount":0,"quantity":5},{"quantitySubscriptionDiscount":0,"quantity":6},{"quantitySubscriptionDiscount":0,"quantity":7},{"quantitySubscriptionDiscount":0,"quantity":8},{"quantitySubscriptionDiscount":0,"quantity":9},{"quantitySubscriptionDiscount":0,"quantity":10}],"quantityDetails":null,"comparisonUnitPrice":39,"comparisonUnitName":"oz","maxQuantity":10,"scheduleEntries":[],"vendor":{"city":"San Rafael, CA","name":"EO/Everyone","shortDescription":"Based on the knowledge of 23 years in the industry, EO/Everyone makes products that are as natural as possible, while still being effective and safe for you and your family to use.","slug":"eoproductssfbay","thumbnailUrl":"https://goodeggs4.imgix.net/5HcHmmiSO5cgAXC2KJlw_Screen Shot 2018-10-30 at 11.15.19 AM.png?w=560&h=350&fm=jpg&q=41&fit=crop&crop=faces","url":"/eoproductssfbay"},"currentProducer":{"city":"San Rafael, CA","name":"EO/Everyone","shortDescription":"Based on the knowledge of 23 years in the industry, EO/Everyone makes products that are as natural as possible, while still being effective and safe for you and your family to use.","slug":"eoproductssfbay","thumbnailUrl":"https://goodeggs4.imgix.net/5HcHmmiSO5cgAXC2KJlw_Screen Shot 2018-10-30 at 11.15.19 AM.png?w=560&h=350&fm=jpg&q=41&fit=crop&crop=faces","url":"/eoproductssfbay"},"otherProducers":[],"productType":"Hand Soap","canSubscribe":false,"availabilitiesByDay":{"2021-05-24":{"status":"available","quantity":291},"2021-05-25":{"status":"available","quantity":291},"2021-05-26":{"status":"available","quantity":291},"2021-05-27":{"status":"available","quantity":291},"2021-05-28":{"status":"available","quantity":291},"2021-05-29":{"status":"available","quantity":291}},"isMealPlan":false},"5bd7ce4352afce000f045045":{"id":"5bd7ce4352afce000f045045","name":"Lavender & Coconut Hand Soap","photoUrl":"https://goodeggs4.imgix.net/96a9d7dd-5e00-42b8-b573-47b821004c77.jpg?w=380&h=238&fm=jpg&auto=compress&fit=crop","url":"/sfbay/eoproductssfbay/lavender-coconut-hand-soap/5bd7ce4352afce000f045045","promotionalProductType":"none","isDeliveryRestricted":false,"orderTypes":["single"],"retailUnits":"12.75 oz","retailPrice":499,"quantityOptions":[{"quantitySubscriptionDiscount":0,"quantity":1},{"quantitySubscriptionDiscount":0,"quantity":2},{"quantitySubscriptionDiscount":0,"quantity":3},{"quantitySubscriptionDiscount":0,"quantity":4},{"quantitySubscriptionDiscount":0,"quantity":5},{"quantitySubscriptionDiscount":0,"quantity":6},{"quantitySubscriptionDiscount":0,"quantity":7},{"quantitySubscriptionDiscount":0,"quantity":8},{"quantitySubscriptionDiscount":0,"quantity":9},{"quantitySubscriptionDiscount":0,"quantity":10}],"quantityDetails":null,"comparisonUnitPrice":39,"comparisonUnitName":"oz","maxQuantity":10,"scheduleEntries":[],"vendor":{"city":"San Rafael, CA","name":"EO/Everyone","shortDescription":"Based on the knowledge of 23 years in the industry, EO/Everyone makes products that are as natural as possible, while still being effective and safe for you and your family to use.","slug":"eoproductssfbay","thumbnailUrl":"https://goodeggs4.imgix.net/5HcHmmiSO5cgAXC2KJlw_Screen Shot 2018-10-30 at 11.15.19 AM.png?w=560&h=350&fm=jpg&q=41&fit=crop&crop=faces","url":"/eoproductssfbay"},"currentProducer":{"city":"San Rafael, CA","name":"EO/Everyone","shortDescription":"Based on the knowledge of 23 years in the industry, EO/Everyone makes products that are as natural as possible, while still being effective and safe for you and your family to use.","slug":"eoproductssfbay","thumbnailUrl":"https://goodeggs4.imgix.net/5HcHmmiSO5cgAXC2KJlw_Screen Shot 2018-10-30 at 11.15.19 AM.png?w=560&h=350&fm=jpg&q=41&fit=crop&crop=faces","url":"/eoproductssfbay"},"otherProducers":[],"productType":"Hand Soap","canSubscribe":false,"availabilitiesByDay":{"2021-05-24":{"status":"available","quantity":981},"2021-05-25":{"status":"available","quantity":981},"2021-05-26":{"status":"available","quantity":981},"2021-05-27":{"status":"available","quantity":981},"2021-05-28":{"status":"available","quantity":981},"2021-05-29":{"status":"available","quantity":981}},"isMealPlan":false},"604a851cbcf73300130e2e51":{"id":"604a851cbcf73300130e2e51","name":"Hand Soap Refill - Meyer Lemon Mandarin","photoUrl":"https://goodeggs4.imgix.net/fcae355a-fc00-48f4-96c7-26514f6e73af.jpeg?w=380&h=238&fm=jpg&auto=compress&fit=crop","url":"/sfbay/eoproductssfbay/hand-soap-refill-meyer-lemon-mandarin/604a851cbcf73300130e2e51","promotionalProductType":"none","isDeliveryRestricted":false,"orderTypes":["single"],"retailUnits":"32 oz","retailPrice":1199,"quantityOptions":[{"quantitySubscriptionDiscount":0,"quantity":1},{"quantitySubscriptionDiscount":0,"quantity":2},{"quantitySubscriptionDiscount":0,"quantity":3},{"quantitySubscriptionDiscount":0,"quantity":4},{"quantitySubscriptionDiscount":0,"quantity":5},{"quantitySubscriptionDiscount":0,"quantity":6},{"quantitySubscriptionDiscount":0,"quantity":7},{"quantitySubscriptionDiscount":0,"quantity":8},{"quantitySubscriptionDiscount":0,"quantity":9},{"quantitySubscriptionDiscount":0,"quantity":10}],"quantityDetails":"32 oz","comparisonUnitPrice":37,"comparisonUnitName":"oz","maxQuantity":10,"scheduleEntries":[],"vendor":{"city":"San Rafael, CA","name":"EO/Everyone","shortDescription":"Based on the knowledge of 23 years in the industry, EO/Everyone makes products that are as natural as possible, while still being effective and safe for you and your family to use.","slug":"eoproductssfbay","thumbnailUrl":"https://goodeggs4.imgix.net/5HcHmmiSO5cgAXC2KJlw_Screen Shot 2018-10-30 at 11.15.19 AM.png?w=560&h=350&fm=jpg&q=41&fit=crop&crop=faces","url":"/eoproductssfbay"},"currentProducer":{"city":"San Rafael, CA","name":"EO/Everyone","shortDescription":"Based on the knowledge of 23 years in the industry, EO/Everyone makes products that are as natural as possible, while still being effective and safe for you and your family to use.","slug":"eoproductssfbay","thumbnailUrl":"https://goodeggs4.imgix.net/5HcHmmiSO5cgAXC2KJlw_Screen Shot 2018-10-30 at 11.15.19 AM.png?w=560&h=350&fm=jpg&q=41&fit=crop&crop=faces","url":"/eoproductssfbay"},"otherProducers":[],"productType":"Hand Soap","canSubscribe":false,"availabilitiesByDay":{"2021-05-24":{"status":"available","quantity":41},"2021-05-25":{"status":"available","quantity":41},"2021-05-26":{"status":"available","quantity":41},"2021-05-27":{"status":"available","quantity":41},"2021-05-28":{"status":"available","quantity":41},"2021-05-29":{"status":"available","quantity":41}},"isMealPlan":false},"604a8762f7699c0012bd657f":{"id":"604a8762f7699c0012bd657f","name":"Coconut Lemon Hand Sanitizer Spray","photoUrl":"https://goodeggs4.imgix.net/34961047-0401-4fce-87b4-2acaeda0ef54.jpeg?w=380&h=238&fm=jpg&auto=compress&fit=crop","url":"/sfbay/eoproductssfbay/coconut-lemon-hand-sanitizer-spray/604a8762f7699c0012bd657f","promotionalProductType":"none","isDeliveryRestricted":false,"orderTypes":["single"],"retailUnits":"8 oz","retailPrice":699,"quantityOptions":[{"quantitySubscriptionDiscount":0,"quantity":1},{"quantitySubscriptionDiscount":0,"quantity":2},{"quantitySubscriptionDiscount":0,"quantity":3},{"quantitySubscriptionDiscount":0,"quantity":4},{"quantitySubscriptionDiscount":0,"quantity":5},{"quantitySubscriptionDiscount":0,"quantity":6},{"quantitySubscriptionDiscount":0,"quantity":7},{"quantitySubscriptionDiscount":0,"quantity":8},{"quantitySubscriptionDiscount":0,"quantity":9},{"quantitySubscriptionDiscount":0,"quantity":10}],"quantityDetails":"8 oz","comparisonUnitPrice":87,"comparisonUnitName":"oz","maxQuantity":10,"scheduleEntries":[],"vendor":{"city":"San Rafael, CA","name":"EO/Everyone","shortDescription":"Based on the knowledge of 23 years in the industry, EO/Everyone makes products that are as natural as possible, while still being effective and safe for you and your family to use.","slug":"eoproductssfbay","thumbnailUrl":"https://goodeggs4.imgix.net/5HcHmmiSO5cgAXC2KJlw_Screen Shot 2018-10-30 at 11.15.19 AM.png?w=560&h=350&fm=jpg&q=41&fit=crop&crop=faces","url":"/eoproductssfbay"},"currentProducer":{"city":"San Rafael, CA","name":"EO/Everyone","shortDescription":"Based on the knowledge of 23 years in the industry, EO/Everyone makes products that are as natural as possible, while still being effective and safe for you and your family to use.","slug":"eoproductssfbay","thumbnailUrl":"https://goodeggs4.imgix.net/5HcHmmiSO5cgAXC2KJlw_Screen Shot 2018-10-30 at 11.15.19 AM.png?w=560&h=350&fm=jpg&q=41&fit=crop&crop=faces","url":"/eoproductssfbay"},"otherProducers":[],"productType":"Hand Soap","canSubscribe":false,"availabilitiesByDay":{"2021-05-24":{"status":"available","quantity":41},"2021-05-25":{"status":"available","quantity":41},"2021-05-26":{"status":"available","quantity":41},"2021-05-27":{"status":"available","quantity":41},"2021-05-28":{"status":"available","quantity":41},"2021-05-29":{"status":"available","quantity":41}},"isMealPlan":false},"5bd7a03c52afce000f044e82":{"id":"5bd7a03c52afce000f044e82","name":"Free & Clear Hand Soap Refill","photoUrl":"https://goodeggs4.imgix.net/e9c1959b-0300-4237-bdbe-29786f3669c1.jpg?w=380&h=238&fm=jpg&auto=compress&fit=crop","url":"/sfbay/ecossfbay/free-clear-hand-soap-refill/5bd7a03c52afce000f044e82","promotionalProductType":"none","isDeliveryRestricted":false,"orderTypes":["single"],"retailUnits":"32 oz","retailPrice":699,"quantityOptions":[{"quantitySubscriptionDiscount":0,"quantity":1},{"quantitySubscriptionDiscount":0,"quantity":2},{"quantitySubscriptionDiscount":0,"quantity":3},{"quantitySubscriptionDiscount":0,"quantity":4},{"quantitySubscriptionDiscount":0,"quantity":5},{"quantitySubscriptionDiscount":0,"quantity":6},{"quantitySubscriptionDiscount":0,"quantity":7},{"quantitySubscriptionDiscount":0,"quantity":8},{"quantitySubscriptionDiscount":0,"quantity":9},{"quantitySubscriptionDiscount":0,"quantity":10}],"quantityDetails":null,"comparisonUnitPrice":22,"comparisonUnitName":"oz","maxQuantity":10,"scheduleEntries":[],"vendor":{"city":"Cypress, CA","name":"ECOS","shortDescription":"ECOS wants to make green cleaning a reality for all by using sustainable practices that protect people and the planet. Made in facilities powered by 100% renewable energy, ECOS empowers a natural clean at a price you can afford.","slug":"ecossfbay","thumbnailUrl":"https://goodeggs4.imgix.net/kT2HrYgxT5ye9hJqVZCq_Earth-Friendly-Products-5-768x454 - Corey Rateau.png?w=560&h=350&fm=jpg&q=41&fit=crop&crop=faces","url":"/ecossfbay"},"currentProducer":{"city":"Cypress, CA","name":"ECOS","shortDescription":"ECOS wants to make green cleaning a reality for all by using sustainable practices that protect people and the planet. Made in facilities powered by 100% renewable energy, ECOS empowers a natural clean at a price you can afford.","slug":"ecossfbay","thumbnailUrl":"https://goodeggs4.imgix.net/kT2HrYgxT5ye9hJqVZCq_Earth-Friendly-Products-5-768x454 - Corey Rateau.png?w=560&h=350&fm=jpg&q=41&fit=crop&crop=faces","url":"/ecossfbay"},"otherProducers":[],"productType":"Hand Soap","canSubscribe":false,"availabilitiesByDay":{"2021-05-24":{"status":"available","quantity":45},"2021-05-25":{"status":"available","quantity":45},"2021-05-26":{"status":"available","quantity":45},"2021-05-27":{"status":"available","quantity":45},"2021-05-28":{"status":"available","quantity":45},"2021-05-29":{"status":"available","quantity":45}},"isMealPlan":false},"5bd781adddee9d000fdfe0e2":{"id":"5bd781adddee9d000fdfe0e2","name":"Lemongrass Citrus Disinfectant Wipes","photoUrl":"https://goodeggs4.imgix.net/3a540ed9-a2c1-4a26-bad7-2f1950682233.jpg?w=380&h=238&fm=jpg&auto=compress&fit=crop","url":"/sfbay/seventhgenerationsfbay/lemongrass-citrus-disinfectant-wipes/5bd781adddee9d000fdfe0e2","promotionalProductType":"none","isDeliveryRestricted":false,"orderTypes":["single"],"retailUnits":"70 count","retailPrice":699,"quantityOptions":[{"quantitySubscriptionDiscount":0,"quantity":1},{"quantitySubscriptionDiscount":0,"quantity":2}],"quantityDetails":"70 wet wipes","comparisonUnitPrice":null,"comparisonUnitName":null,"maxQuantity":2,"scheduleEntries":[],"vendor":{"city":"Burlington, VT","name":"Seventh Generation","shortDescription":"Seventh Generation is a B Corporation based in Vermont, dedicated to nurturing the health of future generations while creating plant-based solutions for your home and family.","slug":"seventhgenerationsfbay","thumbnailUrl":"https://goodeggs4.imgix.net/de0b1845-9fd2-44af-9068-8e9b171cb94c.jpg?w=560&h=350&fm=jpg&q=41&fit=crop&crop=faces","url":"/seventhgenerationsfbay"},"currentProducer":{"city":"Burlington, VT","name":"Seventh Generation","shortDescription":"Seventh Generation is a B Corporation based in Vermont, dedicated to nurturing the health of future generations while creating plant-based solutions for your home and family.","slug":"seventhgenerationsfbay","thumbnailUrl":"https://goodeggs4.imgix.net/de0b1845-9fd2-44af-9068-8e9b171cb94c.jpg?w=560&h=350&fm=jpg&q=41&fit=crop&crop=faces","url":"/seventhgenerationsfbay"},"otherProducers":[],"productType":"Multi-Surface Cleaner","canSubscribe":false,"availabilitiesByDay":{"2021-05-24":{"status":"available","quantity":526},"2021-05-25":{"status":"available","quantity":526},"2021-05-26":{"status":"available","quantity":526},"2021-05-27":{"status":"available","quantity":526},"2021-05-28":{"status":"available","quantity":526},"2021-05-29":{"status":"available","quantity":526}},"isMealPlan":false},"5bd78032ddee9d000fdfe055":{"id":"5bd78032ddee9d000fdfe055","name":"Lemongrass Citrus Multi-Surface Cleaner","photoUrl":"https://goodeggs4.imgix.net/127ba848-2c14-4e6f-a8b6-1f85401e64fd.jpg?w=380&h=238&fm=jpg&auto=compress&fit=crop","url":"/sfbay/seventhgenerationsfbay/lemongrass-citrus-multi-surface-cleaner/5bd78032ddee9d000fdfe055","promotionalProductType":"none","isDeliveryRestricted":false,"orderTypes":["single"],"retailUnits":"26 oz","retailPrice":439,"quantityOptions":[{"quantitySubscriptionDiscount":0,"quantity":1},{"quantitySubscriptionDiscount":0,"quantity":2}],"quantityDetails":"26 oz","comparisonUnitPrice":17,"comparisonUnitName":"oz","maxQuantity":2,"scheduleEntries":[],"vendor":{"city":"Burlington, VT","name":"Seventh Generation","shortDescription":"Seventh Generation is a B Corporation based in Vermont, dedicated to nurturing the health of future generations while creating plant-based solutions for your home and family.","slug":"seventhgenerationsfbay","thumbnailUrl":"https://goodeggs4.imgix.net/de0b1845-9fd2-44af-9068-8e9b171cb94c.jpg?w=560&h=350&fm=jpg&q=41&fit=crop&crop=faces","url":"/seventhgenerationsfbay"},"currentProducer":{"city":"Burlington, VT","name":"Seventh Generation","shortDescription":"Seventh Generation is a B Corporation based in Vermont, dedicated to nurturing the health of future generations while creating plant-based solutions for your home and family.","slug":"seventhgenerationsfbay","thumbnailUrl":"https://goodeggs4.imgix.net/de0b1845-9fd2-44af-9068-8e9b171cb94c.jpg?w=560&h=350&fm=jpg&q=41&fit=crop&crop=faces","url":"/seventhgenerationsfbay"},"otherProducers":[],"productType":"Multi-Surface Cleaner","canSubscribe":false,"availabilitiesByDay":{"2021-05-24":{"status":"available","quantity":63},"2021-05-25":{"status":"available","quantity":63},"2021-05-26":{"status":"available","quantity":63},"2021-05-27":{"status":"available","quantity":63},"2021-05-28":{"status":"available","quantity":63},"2021-05-29":{"status":"available","quantity":63}},"isMealPlan":false},"5bd79d4252afce000f044e2f":{"id":"5bd79d4252afce000f044e2f","name":"Orange Plus All Purpose Cleaner","photoUrl":"https://goodeggs4.imgix.net/404b34be-fc28-4f56-a9bd-13a3459e4522.jpg?w=380&h=238&fm=jpg&auto=compress&fit=crop","url":"/sfbay/ecossfbay/orange-plus-all-purpose-cleaner/5bd79d4252afce000f044e2f","promotionalProductType":"none","isDeliveryRestricted":false,"orderTypes":["single"],"retailUnits":"22 oz","retailPrice":399,"quantityOptions":[{"quantitySubscriptionDiscount":0,"quantity":1},{"quantitySubscriptionDiscount":0,"quantity":2},{"quantitySubscriptionDiscount":0,"quantity":3},{"quantitySubscriptionDiscount":0,"quantity":4},{"quantitySubscriptionDiscount":0,"quantity":5},{"quantitySubscriptionDiscount":0,"quantity":6},{"quantitySubscriptionDiscount":0,"quantity":7},{"quantitySubscriptionDiscount":0,"quantity":8},{"quantitySubscriptionDiscount":0,"quantity":9},{"quantitySubscriptionDiscount":0,"quantity":10}],"quantityDetails":null,"comparisonUnitPrice":18,"comparisonUnitName":"oz","maxQuantity":10,"scheduleEntries":[],"vendor":{"city":"Cypress, CA","name":"ECOS","shortDescription":"ECOS wants to make green cleaning a reality for all by using sustainable practices that protect people and the planet. Made in facilities powered by 100% renewable energy, ECOS empowers a natural clean at a price you can afford.","slug":"ecossfbay","thumbnailUrl":"https://goodeggs4.imgix.net/kT2HrYgxT5ye9hJqVZCq_Earth-Friendly-Products-5-768x454 - Corey Rateau.png?w=560&h=350&fm=jpg&q=41&fit=crop&crop=faces","url":"/ecossfbay"},"currentProducer":{"city":"Cypress, CA","name":"ECOS","shortDescription":"ECOS wants to make green cleaning a reality for all by using sustainable practices that protect people and the planet. Made in facilities powered by 100% renewable energy, ECOS empowers a natural clean at a price you can afford.","slug":"ecossfbay","thumbnailUrl":"https://goodeggs4.imgix.net/kT2HrYgxT5ye9hJqVZCq_Earth-Friendly-Products-5-768x454 - Corey Rateau.png?w=560&h=350&fm=jpg&q=41&fit=crop&crop=faces","url":"/ecossfbay"},"otherProducers":[],"productType":"Multi-Surface Cleaner","canSubscribe":false,"availabilitiesByDay":{"2021-05-24":{"status":"available","quantity":34},"2021-05-25":{"status":"available","quantity":34},"2021-05-26":{"status":"available","quantity":34},"2021-05-27":{"status":"available","quantity":34},"2021-05-28":{"status":"available","quantity":34},"2021-05-29":{"status":"available","quantity":34}},"isMealPlan":false},"5bd79e4252afce000f044e65":{"id":"5bd79e4252afce000f044e65","name":"Vinegar Window & Glass Cleaner","photoUrl":"https://goodeggs4.imgix.net/6590fbe6-c200-403d-9201-5607b2955e50.jpg?w=380&h=238&fm=jpg&auto=compress&fit=crop","url":"/sfbay/ecossfbay/vinegar-window-glass-cleaner/5bd79e4252afce000f044e65","promotionalProductType":"none","isDeliveryRestricted":false,"orderTypes":["single"],"retailUnits":"22 oz","retailPrice":399,"quantityOptions":[{"quantitySubscriptionDiscount":0,"quantity":1},{"quantitySubscriptionDiscount":0,"quantity":2},{"quantitySubscriptionDiscount":0,"quantity":3},{"quantitySubscriptionDiscount":0,"quantity":4},{"quantitySubscriptionDiscount":0,"quantity":5},{"quantitySubscriptionDiscount":0,"quantity":6},{"quantitySubscriptionDiscount":0,"quantity":7},{"quantitySubscriptionDiscount":0,"quantity":8},{"quantitySubscriptionDiscount":0,"quantity":9},{"quantitySubscriptionDiscount":0,"quantity":10}],"quantityDetails":null,"comparisonUnitPrice":18,"comparisonUnitName":"oz","maxQuantity":10,"scheduleEntries":[],"vendor":{"city":"Cypress, CA","name":"ECOS","shortDescription":"ECOS wants to make green cleaning a reality for all by using sustainable practices that protect people and the planet. Made in facilities powered by 100% renewable energy, ECOS empowers a natural clean at a price you can afford.","slug":"ecossfbay","thumbnailUrl":"https://goodeggs4.imgix.net/kT2HrYgxT5ye9hJqVZCq_Earth-Friendly-Products-5-768x454 - Corey Rateau.png?w=560&h=350&fm=jpg&q=41&fit=crop&crop=faces","url":"/ecossfbay"},"currentProducer":{"city":"Cypress, CA","name":"ECOS","shortDescription":"ECOS wants to make green cleaning a reality for all by using sustainable practices that protect people and the planet. Made in facilities powered by 100% renewable energy, ECOS empowers a natural clean at a price you can afford.","slug":"ecossfbay","thumbnailUrl":"https://goodeggs4.imgix.net/kT2HrYgxT5ye9hJqVZCq_Earth-Friendly-Products-5-768x454 - Corey Rateau.png?w=560&h=350&fm=jpg&q=41&fit=crop&crop=faces","url":"/ecossfbay"},"otherProducers":[],"productType":"Glass Cleaner","canSubscribe":false,"availabilitiesByDay":{"2021-05-24":{"status":"available","quantity":89},"2021-05-25":{"status":"available","quantity":89},"2021-05-26":{"status":"available","quantity":89},"2021-05-27":{"status":"available","quantity":89},"2021-05-28":{"status":"available","quantity":89},"2021-05-29":{"status":"available","quantity":89}},"isMealPlan":false},"5c43881a15a96e000f0e6049":{"id":"5c43881a15a96e000f0e6049","name":"All Purpose Cleaner Concentrate","photoUrl":"https://goodeggs4.imgix.net/55e27347-2449-4335-96aa-8c04af2deaa1.jpg?w=380&h=238&fm=jpg&auto=compress&fit=crop","url":"/sfbay/biokleensfbay/all-purpose-cleaner-concentrate/5c43881a15a96e000f0e6049","promotionalProductType":"none","isDeliveryRestricted":false,"orderTypes":["single"],"retailUnits":"32 oz","retailPrice":699,"quantityOptions":[{"quantitySubscriptionDiscount":0,"quantity":1},{"quantitySubscriptionDiscount":0,"quantity":2},{"quantitySubscriptionDiscount":0,"quantity":3},{"quantitySubscriptionDiscount":0,"quantity":4},{"quantitySubscriptionDiscount":0,"quantity":5},{"quantitySubscriptionDiscount":0,"quantity":6},{"quantitySubscriptionDiscount":0,"quantity":7},{"quantitySubscriptionDiscount":0,"quantity":8},{"quantitySubscriptionDiscount":0,"quantity":9},{"quantitySubscriptionDiscount":0,"quantity":10}],"quantityDetails":null,"comparisonUnitPrice":22,"comparisonUnitName":"oz","maxQuantity":10,"scheduleEntries":[],"vendor":{"city":"Vancouver, WA","name":"Biokleen","shortDescription":"Biokleen's mission is to create powerful, effective, non-toxic cleaners that never sacrifice personal or environmental wellness.","slug":"biokleensfbay","thumbnailUrl":"https://goodeggs4.imgix.net/eD5lKnpQ3yOwAMVPOrlq_OurFamily_banner - Corey Rateau.jpg?w=560&h=350&fm=jpg&q=41&fit=crop&crop=faces","url":"/biokleensfbay"},"currentProducer":{"city":"Vancouver, WA","name":"Biokleen","shortDescription":"Biokleen's mission is to create powerful, effective, non-toxic cleaners that never sacrifice personal or environmental wellness.","slug":"biokleensfbay","thumbnailUrl":"https://goodeggs4.imgix.net/eD5lKnpQ3yOwAMVPOrlq_OurFamily_banner - Corey Rateau.jpg?w=560&h=350&fm=jpg&q=41&fit=crop&crop=faces","url":"/biokleensfbay"},"otherProducers":[],"productType":"Multi-Surface Cleaner","canSubscribe":false,"availabilitiesByDay":{"2021-05-24":{"status":"available","quantity":122},"2021-05-25":{"status":"available","quantity":122},"2021-05-26":{"status":"available","quantity":122},"2021-05-27":{"status":"available","quantity":122},"2021-05-28":{"status":"available","quantity":122},"2021-05-29":{"status":"available","quantity":122}},"isMealPlan":false},"5c3915b44d42c5000ffba091":{"id":"5c3915b44d42c5000ffba091","name":"Free & Clear Laundry Liquid","photoUrl":"https://goodeggs4.imgix.net/f2327a24-bf4d-4bcc-a2c7-1b2a5ac6501c.jpg?w=380&h=238&fm=jpg&auto=compress&fit=crop","url":"/sfbay/ecossfbay/free-clear-laundry-liquid/5c3915b44d42c5000ffba091","promotionalProductType":"none","isDeliveryRestricted":false,"orderTypes":["single"],"retailUnits":"100 oz","retailPrice":1399,"quantityOptions":[{"quantitySubscriptionDiscount":0,"quantity":1},{"quantitySubscriptionDiscount":0,"quantity":2},{"quantitySubscriptionDiscount":0,"quantity":3},{"quantitySubscriptionDiscount":0,"quantity":4},{"quantitySubscriptionDiscount":0,"quantity":5},{"quantitySubscriptionDiscount":0,"quantity":6},{"quantitySubscriptionDiscount":0,"quantity":7},{"quantitySubscriptionDiscount":0,"quantity":8},{"quantitySubscriptionDiscount":0,"quantity":9},{"quantitySubscriptionDiscount":0,"quantity":10}],"quantityDetails":null,"comparisonUnitPrice":14,"comparisonUnitName":"oz","maxQuantity":10,"scheduleEntries":[],"vendor":{"city":"Cypress, CA","name":"ECOS","shortDescription":"ECOS wants to make green cleaning a reality for all by using sustainable practices that protect people and the planet. Made in facilities powered by 100% renewable energy, ECOS empowers a natural clean at a price you can afford.","slug":"ecossfbay","thumbnailUrl":"https://goodeggs4.imgix.net/kT2HrYgxT5ye9hJqVZCq_Earth-Friendly-Products-5-768x454 - Corey Rateau.png?w=560&h=350&fm=jpg&q=41&fit=crop&crop=faces","url":"/ecossfbay"},"currentProducer":{"city":"Cypress, CA","name":"ECOS","shortDescription":"ECOS wants to make green cleaning a reality for all by using sustainable practices that protect people and the planet. Made in facilities powered by 100% renewable energy, ECOS empowers a natural clean at a price you can afford.","slug":"ecossfbay","thumbnailUrl":"https://goodeggs4.imgix.net/kT2HrYgxT5ye9hJqVZCq_Earth-Friendly-Products-5-768x454 - Corey Rateau.png?w=560&h=350&fm=jpg&q=41&fit=crop&crop=faces","url":"/ecossfbay"},"otherProducers":[],"productType":"Liquid Laundry Detergent","canSubscribe":false,"availabilitiesByDay":{"2021-05-24":{"status":"available","quantity":157},"2021-05-25":{"status":"available","quantity":157},"2021-05-26":{"status":"available","quantity":157},"2021-05-27":{"status":"available","quantity":157},"2021-05-28":{"status":"available","quantity":157},"2021-05-29":{"status":"available","quantity":157}},"isMealPlan":false},"5c39183a285c0e000fa64b97":{"id":"5c39183a285c0e000fa64b97","name":"Lavender Laundry Liquid","photoUrl":"https://goodeggs4.imgix.net/5e2fd7a3-a362-4f99-9d6a-88178210fb5d.jpg?w=380&h=238&fm=jpg&auto=compress&fit=crop","url":"/sfbay/ecossfbay/lavender-laundry-liquid/5c39183a285c0e000fa64b97","promotionalProductType":"none","isDeliveryRestricted":false,"orderTypes":["single"],"retailUnits":"100 oz","retailPrice":1399,"quantityOptions":[{"quantitySubscriptionDiscount":0,"quantity":1},{"quantitySubscriptionDiscount":0,"quantity":2},{"quantitySubscriptionDiscount":0,"quantity":3},{"quantitySubscriptionDiscount":0,"quantity":4},{"quantitySubscriptionDiscount":0,"quantity":5},{"quantitySubscriptionDiscount":0,"quantity":6},{"quantitySubscriptionDiscount":0,"quantity":7},{"quantitySubscriptionDiscount":0,"quantity":8},{"quantitySubscriptionDiscount":0,"quantity":9},{"quantitySubscriptionDiscount":0,"quantity":10}],"quantityDetails":null,"comparisonUnitPrice":14,"comparisonUnitName":"oz","maxQuantity":10,"scheduleEntries":[],"vendor":{"city":"Cypress, CA","name":"ECOS","shortDescription":"ECOS wants to make green cleaning a reality for all by using sustainable practices that protect people and the planet. Made in facilities powered by 100% renewable energy, ECOS empowers a natural clean at a price you can afford.","slug":"ecossfbay","thumbnailUrl":"https://goodeggs4.imgix.net/kT2HrYgxT5ye9hJqVZCq_Earth-Friendly-Products-5-768x454 - Corey Rateau.png?w=560&h=350&fm=jpg&q=41&fit=crop&crop=faces","url":"/ecossfbay"},"currentProducer":{"city":"Cypress, CA","name":"ECOS","shortDescription":"ECOS wants to make green cleaning a reality for all by using sustainable practices that protect people and the planet. Made in facilities powered by 100% renewable energy, ECOS empowers a natural clean at a price you can afford.","slug":"ecossfbay","thumbnailUrl":"https://goodeggs4.imgix.net/kT2HrYgxT5ye9hJqVZCq_Earth-Friendly-Products-5-768x454 - Corey Rateau.png?w=560&h=350&fm=jpg&q=41&fit=crop&crop=faces","url":"/ecossfbay"},"otherProducers":[],"productType":"Liquid Laundry Detergent","canSubscribe":false,"availabilitiesByDay":{"2021-05-24":{"status":"available","quantity":120},"2021-05-25":{"status":"available","quantity":120},"2021-05-26":{"status":"available","quantity":120},"2021-05-27":{"status":"available","quantity":120},"2021-05-28":{"status":"available","quantity":120},"2021-05-29":{"status":"available","quantity":120}},"isMealPlan":false},"5c391efd4d42c5000ffba10e":{"id":"5c391efd4d42c5000ffba10e","name":"Free & Clear Laundry Liquid","photoUrl":"https://goodeggs4.imgix.net/8eee2a85-6477-426d-902d-35a412506e95.jpg?w=380&h=238&fm=jpg&auto=compress&fit=crop","url":"/sfbay/biokleensfbay/free-clear-laundry-liquid/5c391efd4d42c5000ffba10e","promotionalProductType":"none","isDeliveryRestricted":false,"orderTypes":["single"],"retailUnits":"64 oz","retailPrice":1299,"quantityOptions":[{"quantitySubscriptionDiscount":0,"quantity":1},{"quantitySubscriptionDiscount":0,"quantity":2},{"quantitySubscriptionDiscount":0,"quantity":3},{"quantitySubscriptionDiscount":0,"quantity":4},{"quantitySubscriptionDiscount":0,"quantity":5},{"quantitySubscriptionDiscount":0,"quantity":6},{"quantitySubscriptionDiscount":0,"quantity":7},{"quantitySubscriptionDiscount":0,"quantity":8},{"quantitySubscriptionDiscount":0,"quantity":9},{"quantitySubscriptionDiscount":0,"quantity":10}],"quantityDetails":null,"comparisonUnitPrice":20,"comparisonUnitName":"oz","maxQuantity":10,"scheduleEntries":[],"vendor":{"city":"Vancouver, WA","name":"Biokleen","shortDescription":"Biokleen's mission is to create powerful, effective, non-toxic cleaners that never sacrifice personal or environmental wellness.","slug":"biokleensfbay","thumbnailUrl":"https://goodeggs4.imgix.net/eD5lKnpQ3yOwAMVPOrlq_OurFamily_banner - Corey Rateau.jpg?w=560&h=350&fm=jpg&q=41&fit=crop&crop=faces","url":"/biokleensfbay"},"currentProducer":{"city":"Vancouver, WA","name":"Biokleen","shortDescription":"Biokleen's mission is to create powerful, effective, non-toxic cleaners that never sacrifice personal or environmental wellness.","slug":"biokleensfbay","thumbnailUrl":"https://goodeggs4.imgix.net/eD5lKnpQ3yOwAMVPOrlq_OurFamily_banner - Corey Rateau.jpg?w=560&h=350&fm=jpg&q=41&fit=crop&crop=faces","url":"/biokleensfbay"},"otherProducers":[],"productType":"Liquid Laundry Detergent","canSubscribe":false,"availabilitiesByDay":{"2021-05-24":{"status":"available","quantity":108},"2021-05-25":{"status":"available","quantity":108},"2021-05-26":{"status":"available","quantity":108},"2021-05-27":{"status":"available","quantity":108},"2021-05-28":{"status":"available","quantity":108},"2021-05-29":{"status":"available","quantity":108}},"isMealPlan":false},"5c391f65285c0e000fa64be9":{"id":"5c391f65285c0e000fa64be9","name":"Citrus Essence Laundry Liquid","photoUrl":"https://goodeggs4.imgix.net/ab23bced-9e2c-4644-91cf-1cc8274145ef.jpg?w=380&h=238&fm=jpg&auto=compress&fit=crop","url":"/sfbay/biokleensfbay/citrus-essence-laundry-liquid/5c391f65285c0e000fa64be9","promotionalProductType":"none","isDeliveryRestricted":false,"orderTypes":["single"],"retailUnits":"64 oz","retailPrice":1299,"quantityOptions":[{"quantitySubscriptionDiscount":0,"quantity":1},{"quantitySubscriptionDiscount":0,"quantity":2},{"quantitySubscriptionDiscount":0,"quantity":3},{"quantitySubscriptionDiscount":0,"quantity":4},{"quantitySubscriptionDiscount":0,"quantity":5},{"quantitySubscriptionDiscount":0,"quantity":6},{"quantitySubscriptionDiscount":0,"quantity":7},{"quantitySubscriptionDiscount":0,"quantity":8},{"quantitySubscriptionDiscount":0,"quantity":9},{"quantitySubscriptionDiscount":0,"quantity":10}],"quantityDetails":null,"comparisonUnitPrice":20,"comparisonUnitName":"oz","maxQuantity":10,"scheduleEntries":[],"vendor":{"city":"Vancouver, WA","name":"Biokleen","shortDescription":"Biokleen's mission is to create powerful, effective, non-toxic cleaners that never sacrifice personal or environmental wellness.","slug":"biokleensfbay","thumbnailUrl":"https://goodeggs4.imgix.net/eD5lKnpQ3yOwAMVPOrlq_OurFamily_banner - Corey Rateau.jpg?w=560&h=350&fm=jpg&q=41&fit=crop&crop=faces","url":"/biokleensfbay"},"currentProducer":{"city":"Vancouver, WA","name":"Biokleen","shortDescription":"Biokleen's mission is to create powerful, effective, non-toxic cleaners that never sacrifice personal or environmental wellness.","slug":"biokleensfbay","thumbnailUrl":"https://goodeggs4.imgix.net/eD5lKnpQ3yOwAMVPOrlq_OurFamily_banner - Corey Rateau.jpg?w=560&h=350&fm=jpg&q=41&fit=crop&crop=faces","url":"/biokleensfbay"},"otherProducers":[],"productType":"Liquid Laundry Detergent","canSubscribe":false,"availabilitiesByDay":{"2021-05-24":{"status":"available","quantity":76},"2021-05-25":{"status":"available","quantity":76},"2021-05-26":{"status":"available","quantity":76},"2021-05-27":{"status":"available","quantity":76},"2021-05-28":{"status":"available","quantity":76},"2021-05-29":{"status":"available","quantity":76}},"isMealPlan":false},"5c39200b285c0e000fa64bf6":{"id":"5c39200b285c0e000fa64bf6","name":"Sport Laundry Liquid","photoUrl":"https://goodeggs4.imgix.net/bacbb8f9-752c-4b03-8aaa-c0597170d406.jpg?w=380&h=238&fm=jpg&auto=compress&fit=crop","url":"/sfbay/biokleensfbay/sport-laundry-liquid/5c39200b285c0e000fa64bf6","promotionalProductType":"none","isDeliveryRestricted":false,"orderTypes":["single"],"retailUnits":"64 oz","retailPrice":1299,"quantityOptions":[{"quantitySubscriptionDiscount":0,"quantity":1},{"quantitySubscriptionDiscount":0,"quantity":2},{"quantitySubscriptionDiscount":0,"quantity":3},{"quantitySubscriptionDiscount":0,"quantity":4},{"quantitySubscriptionDiscount":0,"quantity":5},{"quantitySubscriptionDiscount":0,"quantity":6},{"quantitySubscriptionDiscount":0,"quantity":7},{"quantitySubscriptionDiscount":0,"quantity":8},{"quantitySubscriptionDiscount":0,"quantity":9},{"quantitySubscriptionDiscount":0,"quantity":10}],"quantityDetails":null,"comparisonUnitPrice":20,"comparisonUnitName":"oz","maxQuantity":10,"scheduleEntries":[],"vendor":{"city":"Vancouver, WA","name":"Biokleen","shortDescription":"Biokleen's mission is to create powerful, effective, non-toxic cleaners that never sacrifice personal or environmental wellness.","slug":"biokleensfbay","thumbnailUrl":"https://goodeggs4.imgix.net/eD5lKnpQ3yOwAMVPOrlq_OurFamily_banner - Corey Rateau.jpg?w=560&h=350&fm=jpg&q=41&fit=crop&crop=faces","url":"/biokleensfbay"},"currentProducer":{"city":"Vancouver, WA","name":"Biokleen","shortDescription":"Biokleen's mission is to create powerful, effective, non-toxic cleaners that never sacrifice personal or environmental wellness.","slug":"biokleensfbay","thumbnailUrl":"https://goodeggs4.imgix.net/eD5lKnpQ3yOwAMVPOrlq_OurFamily_banner - Corey Rateau.jpg?w=560&h=350&fm=jpg&q=41&fit=crop&crop=faces","url":"/biokleensfbay"},"otherProducers":[],"productType":"Liquid Laundry Detergent","canSubscribe":false,"availabilitiesByDay":{"2021-05-24":{"status":"available","quantity":40},"2021-05-25":{"status":"available","quantity":40},"2021-05-26":{"status":"available","quantity":40},"2021-05-27":{"status":"available","quantity":40},"2021-05-28":{"status":"available","quantity":40},"2021-05-29":{"status":"available","quantity":40}},"isMealPlan":false},"5c39209d4d42c5000ffba12a":{"id":"5c39209d4d42c5000ffba12a","name":"Free & Clear Laundry Powder","photoUrl":"https://goodeggs4.imgix.net/5558c702-ea93-4edb-baee-92a881b5a8f9.jpg?w=380&h=238&fm=jpg&auto=compress&fit=crop","url":"/sfbay/biokleensfbay/free-clear-laundry-powder/5c39209d4d42c5000ffba12a","promotionalProductType":"none","isDeliveryRestricted":false,"orderTypes":["single"],"retailUnits":"10 lb","retailPrice":1999,"quantityOptions":[{"quantitySubscriptionDiscount":0,"quantity":1},{"quantitySubscriptionDiscount":0,"quantity":2},{"quantitySubscriptionDiscount":0,"quantity":3},{"quantitySubscriptionDiscount":0,"quantity":4},{"quantitySubscriptionDiscount":0,"quantity":5},{"quantitySubscriptionDiscount":0,"quantity":6},{"quantitySubscriptionDiscount":0,"quantity":7},{"quantitySubscriptionDiscount":0,"quantity":8},{"quantitySubscriptionDiscount":0,"quantity":9},{"quantitySubscriptionDiscount":0,"quantity":10}],"quantityDetails":null,"comparisonUnitPrice":12,"comparisonUnitName":"oz","maxQuantity":10,"scheduleEntries":[],"vendor":{"city":"Vancouver, WA","name":"Biokleen","shortDescription":"Biokleen's mission is to create powerful, effective, non-toxic cleaners that never sacrifice personal or environmental wellness.","slug":"biokleensfbay","thumbnailUrl":"https://goodeggs4.imgix.net/eD5lKnpQ3yOwAMVPOrlq_OurFamily_banner - Corey Rateau.jpg?w=560&h=350&fm=jpg&q=41&fit=crop&crop=faces","url":"/biokleensfbay"},"currentProducer":{"city":"Vancouver, WA","name":"Biokleen","shortDescription":"Biokleen's mission is to create powerful, effective, non-toxic cleaners that never sacrifice personal or environmental wellness.","slug":"biokleensfbay","thumbnailUrl":"https://goodeggs4.imgix.net/eD5lKnpQ3yOwAMVPOrlq_OurFamily_banner - Corey Rateau.jpg?w=560&h=350&fm=jpg&q=41&fit=crop&crop=faces","url":"/biokleensfbay"},"otherProducers":[],"productType":"Powdered Laundry Detergent","canSubscribe":false,"availabilitiesByDay":{"2021-05-24":{"status":"available","quantity":13},"2021-05-25":{"status":"available","quantity":13},"2021-05-26":{"status":"available","quantity":13},"2021-05-27":{"status":"available","quantity":13},"2021-05-28":{"status":"available","quantity":13},"2021-05-29":{"status":"available","quantity":13}},"isMealPlan":false},"5c391a344d42c5000ffba0e3":{"id":"5c391a344d42c5000ffba0e3","name":"Free & Clear Laundry Pods","photoUrl":"https://goodeggs4.imgix.net/c3705a64-3c77-4d4f-b24c-14f0b9a8420c.jpg?w=380&h=238&fm=jpg&auto=compress&fit=crop","url":"/sfbay/ecossfbay/free-clear-laundry-pods/5c391a344d42c5000ffba0e3","promotionalProductType":"none","isDeliveryRestricted":false,"orderTypes":["single"],"retailUnits":"20 count","retailPrice":699,"quantityOptions":[{"quantitySubscriptionDiscount":0,"quantity":1},{"quantitySubscriptionDiscount":0,"quantity":2},{"quantitySubscriptionDiscount":0,"quantity":3},{"quantitySubscriptionDiscount":0,"quantity":4},{"quantitySubscriptionDiscount":0,"quantity":5},{"quantitySubscriptionDiscount":0,"quantity":6},{"quantitySubscriptionDiscount":0,"quantity":7},{"quantitySubscriptionDiscount":0,"quantity":8},{"quantitySubscriptionDiscount":0,"quantity":9},{"quantitySubscriptionDiscount":0,"quantity":10}],"quantityDetails":null,"comparisonUnitPrice":39,"comparisonUnitName":"oz","maxQuantity":10,"scheduleEntries":[],"vendor":{"city":"Cypress, CA","name":"ECOS","shortDescription":"ECOS wants to make green cleaning a reality for all by using sustainable practices that protect people and the planet. Made in facilities powered by 100% renewable energy, ECOS empowers a natural clean at a price you can afford.","slug":"ecossfbay","thumbnailUrl":"https://goodeggs4.imgix.net/kT2HrYgxT5ye9hJqVZCq_Earth-Friendly-Products-5-768x454 - Corey Rateau.png?w=560&h=350&fm=jpg&q=41&fit=crop&crop=faces","url":"/ecossfbay"},"currentProducer":{"city":"Cypress, CA","name":"ECOS","shortDescription":"ECOS wants to make green cleaning a reality for all by using sustainable practices that protect people and the planet. Made in facilities powered by 100% renewable energy, ECOS empowers a natural clean at a price you can afford.","slug":"ecossfbay","thumbnailUrl":"https://goodeggs4.imgix.net/kT2HrYgxT5ye9hJqVZCq_Earth-Friendly-Products-5-768x454 - Corey Rateau.png?w=560&h=350&fm=jpg&q=41&fit=crop&crop=faces","url":"/ecossfbay"},"otherProducers":[],"productType":"Powdered Laundry Detergent","canSubscribe":false,"availabilitiesByDay":{"2021-05-24":{"status":"available","quantity":53},"2021-05-25":{"status":"available","quantity":53},"2021-05-26":{"status":"available","quantity":53},"2021-05-27":{"status":"available","quantity":53},"2021-05-28":{"status":"available","quantity":53},"2021-05-29":{"status":"available","quantity":53}},"isMealPlan":false},"5c3921ee4d42c5000ffba13e":{"id":"5c3921ee4d42c5000ffba13e","name":"Oxygen Laundry Bleach Plus","photoUrl":"https://goodeggs4.imgix.net/aef84cbf-e715-4bdb-a772-757d41968d74.jpg?w=380&h=238&fm=jpg&auto=compress&fit=crop","url":"/sfbay/biokleensfbay/oxygen-laundry-bleach-plus/5c3921ee4d42c5000ffba13e","promotionalProductType":"none","isDeliveryRestricted":false,"orderTypes":["single"],"retailUnits":"2 lb","retailPrice":699,"quantityOptions":[{"quantitySubscriptionDiscount":0,"quantity":1},{"quantitySubscriptionDiscount":0,"quantity":2},{"quantitySubscriptionDiscount":0,"quantity":3},{"quantitySubscriptionDiscount":0,"quantity":4},{"quantitySubscriptionDiscount":0,"quantity":5},{"quantitySubscriptionDiscount":0,"quantity":6},{"quantitySubscriptionDiscount":0,"quantity":7},{"quantitySubscriptionDiscount":0,"quantity":8},{"quantitySubscriptionDiscount":0,"quantity":9},{"quantitySubscriptionDiscount":0,"quantity":10}],"quantityDetails":"Mix 2-4 TBS per 16 oz of water to remove stains. Allow to sit 1-5 minutes, blot with towel and rinse.","comparisonUnitPrice":22,"comparisonUnitName":"oz","maxQuantity":10,"scheduleEntries":[],"vendor":{"city":"Vancouver, WA","name":"Biokleen","shortDescription":"Biokleen's mission is to create powerful, effective, non-toxic cleaners that never sacrifice personal or environmental wellness.","slug":"biokleensfbay","thumbnailUrl":"https://goodeggs4.imgix.net/eD5lKnpQ3yOwAMVPOrlq_OurFamily_banner - Corey Rateau.jpg?w=560&h=350&fm=jpg&q=41&fit=crop&crop=faces","url":"/biokleensfbay"},"currentProducer":{"city":"Vancouver, WA","name":"Biokleen","shortDescription":"Biokleen's mission is to create powerful, effective, non-toxic cleaners that never sacrifice personal or environmental wellness.","slug":"biokleensfbay","thumbnailUrl":"https://goodeggs4.imgix.net/eD5lKnpQ3yOwAMVPOrlq_OurFamily_banner - Corey Rateau.jpg?w=560&h=350&fm=jpg&q=41&fit=crop&crop=faces","url":"/biokleensfbay"},"otherProducers":[],"productType":"Powdered Laundry Detergent","canSubscribe":false,"availabilitiesByDay":{"2021-05-24":{"status":"available","quantity":111},"2021-05-25":{"status":"available","quantity":111},"2021-05-26":{"status":"available","quantity":111},"2021-05-27":{"status":"available","quantity":111},"2021-05-28":{"status":"available","quantity":111},"2021-05-29":{"status":"available","quantity":111}},"isMealPlan":false},"5c3921384d42c5000ffba137":{"id":"5c3921384d42c5000ffba137","name":"Citrus Essence Laundry Powder","photoUrl":"https://goodeggs4.imgix.net/1cf56241-e260-420e-8158-efe6a2ab93b6.jpg?w=380&h=238&fm=jpg&auto=compress&fit=crop","url":"/sfbay/biokleensfbay/citrus-essence-laundry-powder/5c3921384d42c5000ffba137","promotionalProductType":"none","isDeliveryRestricted":false,"orderTypes":["single"],"retailUnits":"5 lb","retailPrice":1099,"quantityOptions":[{"quantitySubscriptionDiscount":0,"quantity":1},{"quantitySubscriptionDiscount":0,"quantity":2},{"quantitySubscriptionDiscount":0,"quantity":3},{"quantitySubscriptionDiscount":0,"quantity":4},{"quantitySubscriptionDiscount":0,"quantity":5},{"quantitySubscriptionDiscount":0,"quantity":6},{"quantitySubscriptionDiscount":0,"quantity":7},{"quantitySubscriptionDiscount":0,"quantity":8},{"quantitySubscriptionDiscount":0,"quantity":9},{"quantitySubscriptionDiscount":0,"quantity":10}],"quantityDetails":null,"comparisonUnitPrice":14,"comparisonUnitName":"oz","maxQuantity":10,"scheduleEntries":[],"vendor":{"city":"Vancouver, WA","name":"Biokleen","shortDescription":"Biokleen's mission is to create powerful, effective, non-toxic cleaners that never sacrifice personal or environmental wellness.","slug":"biokleensfbay","thumbnailUrl":"https://goodeggs4.imgix.net/eD5lKnpQ3yOwAMVPOrlq_OurFamily_banner - Corey Rateau.jpg?w=560&h=350&fm=jpg&q=41&fit=crop&crop=faces","url":"/biokleensfbay"},"currentProducer":{"city":"Vancouver, WA","name":"Biokleen","shortDescription":"Biokleen's mission is to create powerful, effective, non-toxic cleaners that never sacrifice personal or environmental wellness.","slug":"biokleensfbay","thumbnailUrl":"https://goodeggs4.imgix.net/eD5lKnpQ3yOwAMVPOrlq_OurFamily_banner - Corey Rateau.jpg?w=560&h=350&fm=jpg&q=41&fit=crop&crop=faces","url":"/biokleensfbay"},"otherProducers":[],"productType":"Powdered Laundry Detergent","canSubscribe":false,"availabilitiesByDay":{"2021-05-24":{"status":"available","quantity":34},"2021-05-25":{"status":"available","quantity":34},"2021-05-26":{"status":"available","quantity":34},"2021-05-27":{"status":"available","quantity":34},"2021-05-28":{"status":"available","quantity":34},"2021-05-29":{"status":"available","quantity":34}},"isMealPlan":false},"59f8de35857419000dfe1d6a":{"id":"59f8de35857419000dfe1d6a","name":"Parchment Paper","photoUrl":"https://goodeggs4.imgix.net/173e2d89-29a1-4835-9521-d95e95420e6a.jpg?w=380&h=238&fm=jpg&auto=compress&fit=crop","url":"/sfbay/ifyoucaresfbay/parchment-paper/59f8de35857419000dfe1d6a","promotionalProductType":"none","isDeliveryRestricted":false,"orderTypes":["single"],"retailUnits":"1 count","retailPrice":699,"quantityOptions":[{"quantitySubscriptionDiscount":0,"quantity":1},{"quantitySubscriptionDiscount":0,"quantity":2},{"quantitySubscriptionDiscount":0,"quantity":3},{"quantitySubscriptionDiscount":0,"quantity":4},{"quantitySubscriptionDiscount":0,"quantity":5},{"quantitySubscriptionDiscount":0,"quantity":6},{"quantitySubscriptionDiscount":0,"quantity":7},{"quantitySubscriptionDiscount":0,"quantity":8},{"quantitySubscriptionDiscount":0,"quantity":9},{"quantitySubscriptionDiscount":0,"quantity":10}],"quantityDetails":"70 sq ft (65 ft x 13 in)","comparisonUnitPrice":null,"comparisonUnitName":null,"maxQuantity":10,"scheduleEntries":[],"vendor":{"city":"Englewood Cliffs, NJ","name":"If You Care","shortDescription":"Our mission has always been to create the most environmentally friendly kitchen and household products, providing you and your family with high quality and highly effective alternatives.","slug":"ifyoucaresfbay","thumbnailUrl":"https://goodeggs4.imgix.net/5bf51435-30b6-4812-949c-7d061017e267.jpg?w=560&h=350&fm=jpg&q=41&fit=crop&crop=faces","url":"/ifyoucaresfbay"},"currentProducer":{"city":"Englewood Cliffs, NJ","name":"If You Care","shortDescription":"Our mission has always been to create the most environmentally friendly kitchen and household products, providing you and your family with high quality and highly effective alternatives.","slug":"ifyoucaresfbay","thumbnailUrl":"https://goodeggs4.imgix.net/5bf51435-30b6-4812-949c-7d061017e267.jpg?w=560&h=350&fm=jpg&q=41&fit=crop&crop=faces","url":"/ifyoucaresfbay"},"otherProducers":[],"productType":"Housewares","canSubscribe":false,"availabilitiesByDay":{"2021-05-24":{"status":"available","quantity":777},"2021-05-25":{"status":"available","quantity":777},"2021-05-26":{"status":"available","quantity":777},"2021-05-27":{"status":"available","quantity":777},"2021-05-28":{"status":"available","quantity":777},"2021-05-29":{"status":"available","quantity":777}},"isMealPlan":false},"59fa4e806c15c0000bb6c8c3":{"id":"59fa4e806c15c0000bb6c8c3","name":"Aluminum Foil","photoUrl":"https://goodeggs4.imgix.net/f8ad7940-779e-4cb8-be2d-868785bbf1cd.jpg?w=380&h=238&fm=jpg&auto=compress&fit=crop","url":"/sfbay/ifyoucaresfbay/aluminum-foil/59fa4e806c15c0000bb6c8c3","promotionalProductType":"none","isDeliveryRestricted":false,"orderTypes":["single"],"retailUnits":"1 count","retailPrice":599,"quantityOptions":[{"quantitySubscriptionDiscount":0,"quantity":1},{"quantitySubscriptionDiscount":0,"quantity":2},{"quantitySubscriptionDiscount":0,"quantity":3},{"quantitySubscriptionDiscount":0,"quantity":4},{"quantitySubscriptionDiscount":0,"quantity":5},{"quantitySubscriptionDiscount":0,"quantity":6},{"quantitySubscriptionDiscount":0,"quantity":7},{"quantitySubscriptionDiscount":0,"quantity":8},{"quantitySubscriptionDiscount":0,"quantity":9},{"quantitySubscriptionDiscount":0,"quantity":10}],"quantityDetails":"50 sq ft (52.49 ft x 11.42 in)","comparisonUnitPrice":null,"comparisonUnitName":null,"maxQuantity":10,"scheduleEntries":[],"vendor":{"city":"Englewood Cliffs, NJ","name":"If You Care","shortDescription":"Our mission has always been to create the most environmentally friendly kitchen and household products, providing you and your family with high quality and highly effective alternatives.","slug":"ifyoucaresfbay","thumbnailUrl":"https://goodeggs4.imgix.net/5bf51435-30b6-4812-949c-7d061017e267.jpg?w=560&h=350&fm=jpg&q=41&fit=crop&crop=faces","url":"/ifyoucaresfbay"},"currentProducer":{"city":"Englewood Cliffs, NJ","name":"If You Care","shortDescription":"Our mission has always been to create the most environmentally friendly kitchen and household products, providing you and your family with high quality and highly effective alternatives.","slug":"ifyoucaresfbay","thumbnailUrl":"https://goodeggs4.imgix.net/5bf51435-30b6-4812-949c-7d061017e267.jpg?w=560&h=350&fm=jpg&q=41&fit=crop&crop=faces","url":"/ifyoucaresfbay"},"otherProducers":[],"productType":"Housewares","canSubscribe":false,"availabilitiesByDay":{"2021-05-24":{"status":"available","quantity":406},"2021-05-25":{"status":"available","quantity":406},"2021-05-26":{"status":"available","quantity":406},"2021-05-27":{"status":"available","quantity":406},"2021-05-28":{"status":"available","quantity":406},"2021-05-29":{"status":"available","quantity":406}},"isMealPlan":false},"59f8de5285f581000bff4f65":{"id":"59f8de5285f581000bff4f65","name":"Heavy Duty Aluminum Foil","photoUrl":"https://goodeggs4.imgix.net/3e2c2a68-9a0f-46db-bbaf-b856ab61dfe5.jpg?w=380&h=238&fm=jpg&auto=compress&fit=crop","url":"/sfbay/ifyoucaresfbay/heavy-duty-aluminum-foil/59f8de5285f581000bff4f65","promotionalProductType":"none","isDeliveryRestricted":false,"orderTypes":["single"],"retailUnits":"1 count","retailPrice":699,"quantityOptions":[{"quantitySubscriptionDiscount":0,"quantity":1},{"quantitySubscriptionDiscount":0,"quantity":2},{"quantitySubscriptionDiscount":0,"quantity":3},{"quantitySubscriptionDiscount":0,"quantity":4},{"quantitySubscriptionDiscount":0,"quantity":5},{"quantitySubscriptionDiscount":0,"quantity":6},{"quantitySubscriptionDiscount":0,"quantity":7},{"quantitySubscriptionDiscount":0,"quantity":8},{"quantitySubscriptionDiscount":0,"quantity":9},{"quantitySubscriptionDiscount":0,"quantity":10}],"quantityDetails":"30 sq ft (23 ft x 15.75 in)","comparisonUnitPrice":null,"comparisonUnitName":null,"maxQuantity":10,"scheduleEntries":[],"vendor":{"city":"Englewood Cliffs, NJ","name":"If You Care","shortDescription":"Our mission has always been to create the most environmentally friendly kitchen and household products, providing you and your family with high quality and highly effective alternatives.","slug":"ifyoucaresfbay","thumbnailUrl":"https://goodeggs4.imgix.net/5bf51435-30b6-4812-949c-7d061017e267.jpg?w=560&h=350&fm=jpg&q=41&fit=crop&crop=faces","url":"/ifyoucaresfbay"},"currentProducer":{"city":"Englewood Cliffs, NJ","name":"If You Care","shortDescription":"Our mission has always been to create the most environmentally friendly kitchen and household products, providing you and your family with high quality and highly effective alternatives.","slug":"ifyoucaresfbay","thumbnailUrl":"https://goodeggs4.imgix.net/5bf51435-30b6-4812-949c-7d061017e267.jpg?w=560&h=350&fm=jpg&q=41&fit=crop&crop=faces","url":"/ifyoucaresfbay"},"otherProducers":[],"productType":"Housewares","canSubscribe":false,"availabilitiesByDay":{"2021-05-24":{"status":"available","quantity":237},"2021-05-25":{"status":"available","quantity":237},"2021-05-26":{"status":"available","quantity":237},"2021-05-27":{"status":"available","quantity":237},"2021-05-28":{"status":"available","quantity":237},"2021-05-29":{"status":"available","quantity":237}},"isMealPlan":false},"59f8de4785f581000bff4f5b":{"id":"59f8de4785f581000bff4f5b","name":"Cotton Twine","photoUrl":"https://goodeggs4.imgix.net/c2a70b46-e2a2-4962-b270-6b5fdf2bf34b.jpg?w=380&h=238&fm=jpg&auto=compress&fit=crop","url":"/sfbay/ifyoucaresfbay/cotton-twine/59f8de4785f581000bff4f5b","promotionalProductType":"none","isDeliveryRestricted":false,"orderTypes":["single"],"retailUnits":"1 count","retailPrice":399,"quantityOptions":[{"quantitySubscriptionDiscount":0,"quantity":1},{"quantitySubscriptionDiscount":0,"quantity":2},{"quantitySubscriptionDiscount":0,"quantity":3},{"quantitySubscriptionDiscount":0,"quantity":4},{"quantitySubscriptionDiscount":0,"quantity":5},{"quantitySubscriptionDiscount":0,"quantity":6},{"quantitySubscriptionDiscount":0,"quantity":7},{"quantitySubscriptionDiscount":0,"quantity":8},{"quantitySubscriptionDiscount":0,"quantity":9},{"quantitySubscriptionDiscount":0,"quantity":10}],"quantityDetails":"200 ft","comparisonUnitPrice":null,"comparisonUnitName":null,"maxQuantity":10,"scheduleEntries":[],"vendor":{"city":"Englewood Cliffs, NJ","name":"If You Care","shortDescription":"Our mission has always been to create the most environmentally friendly kitchen and household products, providing you and your family with high quality and highly effective alternatives.","slug":"ifyoucaresfbay","thumbnailUrl":"https://goodeggs4.imgix.net/5bf51435-30b6-4812-949c-7d061017e267.jpg?w=560&h=350&fm=jpg&q=41&fit=crop&crop=faces","url":"/ifyoucaresfbay"},"currentProducer":{"city":"Englewood Cliffs, NJ","name":"If You Care","shortDescription":"Our mission has always been to create the most environmentally friendly kitchen and household products, providing you and your family with high quality and highly effective alternatives.","slug":"ifyoucaresfbay","thumbnailUrl":"https://goodeggs4.imgix.net/5bf51435-30b6-4812-949c-7d061017e267.jpg?w=560&h=350&fm=jpg&q=41&fit=crop&crop=faces","url":"/ifyoucaresfbay"},"otherProducers":[],"productType":"Housewares","canSubscribe":false,"availabilitiesByDay":{"2021-05-24":{"status":"available","quantity":179},"2021-05-25":{"status":"available","quantity":179},"2021-05-26":{"status":"available","quantity":179},"2021-05-27":{"status":"available","quantity":179},"2021-05-28":{"status":"available","quantity":179},"2021-05-29":{"status":"available","quantity":179}},"isMealPlan":false},"5bd7c91152afce000f044fc7":{"id":"5bd7c91152afce000f044fc7","name":"Paper Snack & Sandwich Bags","photoUrl":"https://goodeggs4.imgix.net/68c5250e-44a6-48ab-809d-fae65b2da622.jpg?w=380&h=238&fm=jpg&auto=compress&fit=crop","url":"/sfbay/ifyoucaresfbay/paper-snack-sandwich-bags/5bd7c91152afce000f044fc7","promotionalProductType":"none","isDeliveryRestricted":false,"orderTypes":["single"],"retailUnits":"48 count","retailPrice":429,"quantityOptions":[{"quantitySubscriptionDiscount":0,"quantity":1},{"quantitySubscriptionDiscount":0,"quantity":2},{"quantitySubscriptionDiscount":0,"quantity":3},{"quantitySubscriptionDiscount":0,"quantity":4},{"quantitySubscriptionDiscount":0,"quantity":5},{"quantitySubscriptionDiscount":0,"quantity":6},{"quantitySubscriptionDiscount":0,"quantity":7},{"quantitySubscriptionDiscount":0,"quantity":8},{"quantitySubscriptionDiscount":0,"quantity":9},{"quantitySubscriptionDiscount":0,"quantity":10}],"quantityDetails":null,"comparisonUnitPrice":null,"comparisonUnitName":null,"maxQuantity":10,"scheduleEntries":[],"vendor":{"city":"Englewood Cliffs, NJ","name":"If You Care","shortDescription":"Our mission has always been to create the most environmentally friendly kitchen and household products, providing you and your family with high quality and highly effective alternatives.","slug":"ifyoucaresfbay","thumbnailUrl":"https://goodeggs4.imgix.net/5bf51435-30b6-4812-949c-7d061017e267.jpg?w=560&h=350&fm=jpg&q=41&fit=crop&crop=faces","url":"/ifyoucaresfbay"},"currentProducer":{"city":"Englewood Cliffs, NJ","name":"If You Care","shortDescription":"Our mission has always been to create the most environmentally friendly kitchen and household products, providing you and your family with high quality and highly effective alternatives.","slug":"ifyoucaresfbay","thumbnailUrl":"https://goodeggs4.imgix.net/5bf51435-30b6-4812-949c-7d061017e267.jpg?w=560&h=350&fm=jpg&q=41&fit=crop&crop=faces","url":"/ifyoucaresfbay"},"otherProducers":[],"productType":"Sandwich Bags","canSubscribe":false,"availabilitiesByDay":{"2021-05-24":{"status":"available","quantity":199},"2021-05-25":{"status":"available","quantity":199},"2021-05-26":{"status":"available","quantity":199},"2021-05-27":{"status":"available","quantity":199},"2021-05-28":{"status":"available","quantity":199},"2021-05-29":{"status":"available","quantity":199}},"isMealPlan":false},"5bd89a4b52afce000f045ac6":{"id":"5bd89a4b52afce000f045ac6","name":"Compostable Bowls","photoUrl":"https://goodeggs4.imgix.net/5f75b7dd-f789-42dc-aa28-a349ab37ec2f.jpg?w=380&h=238&fm=jpg&auto=compress&fit=crop","url":"/sfbay/worldcentricsfbay/compostable-bowls/5bd89a4b52afce000f045ac6","promotionalProductType":"none","isDeliveryRestricted":false,"orderTypes":["single"],"retailUnits":"20 count","retailPrice":249,"quantityOptions":[{"quantitySubscriptionDiscount":0,"quantity":1},{"quantitySubscriptionDiscount":0,"quantity":2},{"quantitySubscriptionDiscount":0,"quantity":3},{"quantitySubscriptionDiscount":0,"quantity":4},{"quantitySubscriptionDiscount":0,"quantity":5},{"quantitySubscriptionDiscount":0,"quantity":6},{"quantitySubscriptionDiscount":0,"quantity":7},{"quantitySubscriptionDiscount":0,"quantity":8},{"quantitySubscriptionDiscount":0,"quantity":9},{"quantitySubscriptionDiscount":0,"quantity":10}],"quantityDetails":null,"comparisonUnitPrice":null,"comparisonUnitName":null,"maxQuantity":10,"scheduleEntries":[],"vendor":{"city":"Petaluma, CA","name":"World Centric","shortDescription":"World Centric creates high quality certified compostable products and strives to be a model of sustainability by supporting grassroots organizations and non-profits. Their mission is to help create a thriving world where everyone\u2019s basic needs are met with a beneficial impact on the environment.","slug":"worldcentricsfbay","thumbnailUrl":"https://goodeggs4.imgix.net/8ROoIMQTCWbIFLMdZD4n_WC-Staff-Photo-2017 - Corey Rateau.jpg?w=560&h=350&fm=jpg&q=41&fit=crop&crop=faces","url":"/worldcentricsfbay"},"currentProducer":{"city":"Petaluma, CA","name":"World Centric","shortDescription":"World Centric creates high quality certified compostable products and strives to be a model of sustainability by supporting grassroots organizations and non-profits. Their mission is to help create a thriving world where everyone\u2019s basic needs are met with a beneficial impact on the environment.","slug":"worldcentricsfbay","thumbnailUrl":"https://goodeggs4.imgix.net/8ROoIMQTCWbIFLMdZD4n_WC-Staff-Photo-2017 - Corey Rateau.jpg?w=560&h=350&fm=jpg&q=41&fit=crop&crop=faces","url":"/worldcentricsfbay"},"otherProducers":[],"productType":"Compostable Bowls","canSubscribe":false,"availabilitiesByDay":{"2021-05-24":{"status":"available","quantity":322},"2021-05-25":{"status":"available","quantity":322},"2021-05-26":{"status":"available","quantity":322},"2021-05-27":{"status":"available","quantity":322},"2021-05-28":{"status":"available","quantity":322},"2021-05-29":{"status":"available","quantity":322}},"isMealPlan":false},"5bd89754ddee9d000fdff2a0":{"id":"5bd89754ddee9d000fdff2a0","name":"Compostable Spoons","photoUrl":"https://goodeggs4.imgix.net/88fa8a1d-8b23-4815-8d01-319656e604c8.jpg?w=380&h=238&fm=jpg&auto=compress&fit=crop","url":"/sfbay/worldcentricsfbay/compostable-spoons/5bd89754ddee9d000fdff2a0","promotionalProductType":"none","isDeliveryRestricted":false,"orderTypes":["single"],"retailUnits":"24 count","retailPrice":299,"quantityOptions":[{"quantitySubscriptionDiscount":0,"quantity":1},{"quantitySubscriptionDiscount":0,"quantity":2},{"quantitySubscriptionDiscount":0,"quantity":3},{"quantitySubscriptionDiscount":0,"quantity":4},{"quantitySubscriptionDiscount":0,"quantity":5},{"quantitySubscriptionDiscount":0,"quantity":6},{"quantitySubscriptionDiscount":0,"quantity":7},{"quantitySubscriptionDiscount":0,"quantity":8},{"quantitySubscriptionDiscount":0,"quantity":9},{"quantitySubscriptionDiscount":0,"quantity":10}],"quantityDetails":null,"comparisonUnitPrice":null,"comparisonUnitName":null,"maxQuantity":10,"scheduleEntries":[],"vendor":{"city":"Petaluma, CA","name":"World Centric","shortDescription":"World Centric creates high quality certified compostable products and strives to be a model of sustainability by supporting grassroots organizations and non-profits. Their mission is to help create a thriving world where everyone\u2019s basic needs are met with a beneficial impact on the environment.","slug":"worldcentricsfbay","thumbnailUrl":"https://goodeggs4.imgix.net/8ROoIMQTCWbIFLMdZD4n_WC-Staff-Photo-2017 - Corey Rateau.jpg?w=560&h=350&fm=jpg&q=41&fit=crop&crop=faces","url":"/worldcentricsfbay"},"currentProducer":{"city":"Petaluma, CA","name":"World Centric","shortDescription":"World Centric creates high quality certified compostable products and strives to be a model of sustainability by supporting grassroots organizations and non-profits. Their mission is to help create a thriving world where everyone\u2019s basic needs are met with a beneficial impact on the environment.","slug":"worldcentricsfbay","thumbnailUrl":"https://goodeggs4.imgix.net/8ROoIMQTCWbIFLMdZD4n_WC-Staff-Photo-2017 - Corey Rateau.jpg?w=560&h=350&fm=jpg&q=41&fit=crop&crop=faces","url":"/worldcentricsfbay"},"otherProducers":[],"productType":"Compostable Cutlery","canSubscribe":false,"availabilitiesByDay":{"2021-05-24":{"status":"available","quantity":208},"2021-05-25":{"status":"available","quantity":208},"2021-05-26":{"status":"available","quantity":208},"2021-05-27":{"status":"available","quantity":208},"2021-05-28":{"status":"available","quantity":208},"2021-05-29":{"status":"available","quantity":208}},"isMealPlan":false},"5bd8960652afce000f0459ed":{"id":"5bd8960652afce000f0459ed","name":"Compostable Assorted Cutlery","photoUrl":"https://goodeggs4.imgix.net/8cd509dd-2d61-4b09-9883-d18bd0a17fdd.jpg?w=380&h=238&fm=jpg&auto=compress&fit=crop","url":"/sfbay/worldcentricsfbay/compostable-assorted-cutlery/5bd8960652afce000f0459ed","promotionalProductType":"none","isDeliveryRestricted":false,"orderTypes":["single"],"retailUnits":"24 count","retailPrice":299,"quantityOptions":[{"quantitySubscriptionDiscount":0,"quantity":1},{"quantitySubscriptionDiscount":0,"quantity":2},{"quantitySubscriptionDiscount":0,"quantity":3},{"quantitySubscriptionDiscount":0,"quantity":4},{"quantitySubscriptionDiscount":0,"quantity":5},{"quantitySubscriptionDiscount":0,"quantity":6},{"quantitySubscriptionDiscount":0,"quantity":7},{"quantitySubscriptionDiscount":0,"quantity":8},{"quantitySubscriptionDiscount":0,"quantity":9},{"quantitySubscriptionDiscount":0,"quantity":10}],"quantityDetails":null,"comparisonUnitPrice":null,"comparisonUnitName":null,"maxQuantity":10,"scheduleEntries":[],"vendor":{"city":"Petaluma, CA","name":"World Centric","shortDescription":"World Centric creates high quality certified compostable products and strives to be a model of sustainability by supporting grassroots organizations and non-profits. Their mission is to help create a thriving world where everyone\u2019s basic needs are met with a beneficial impact on the environment.","slug":"worldcentricsfbay","thumbnailUrl":"https://goodeggs4.imgix.net/8ROoIMQTCWbIFLMdZD4n_WC-Staff-Photo-2017 - Corey Rateau.jpg?w=560&h=350&fm=jpg&q=41&fit=crop&crop=faces","url":"/worldcentricsfbay"},"currentProducer":{"city":"Petaluma, CA","name":"World Centric","shortDescription":"World Centric creates high quality certified compostable products and strives to be a model of sustainability by supporting grassroots organizations and non-profits. Their mission is to help create a thriving world where everyone\u2019s basic needs are met with a beneficial impact on the environment.","slug":"worldcentricsfbay","thumbnailUrl":"https://goodeggs4.imgix.net/8ROoIMQTCWbIFLMdZD4n_WC-Staff-Photo-2017 - Corey Rateau.jpg?w=560&h=350&fm=jpg&q=41&fit=crop&crop=faces","url":"/worldcentricsfbay"},"otherProducers":[],"productType":"Compostable Cutlery","canSubscribe":false,"availabilitiesByDay":{"2021-05-24":{"status":"available","quantity":19},"2021-05-25":{"status":"available","quantity":19},"2021-05-26":{"status":"available","quantity":19},"2021-05-27":{"status":"available","quantity":19},"2021-05-28":{"status":"available","quantity":19},"2021-05-29":{"status":"available","quantity":19}},"isMealPlan":false},"5bd8972d52afce000f045a37":{"id":"5bd8972d52afce000f045a37","name":"Compostable Forks","photoUrl":"https://goodeggs4.imgix.net/f4ba0c8a-1361-42eb-b8f7-4dc27b7e9fb6.jpg?w=380&h=238&fm=jpg&auto=compress&fit=crop","url":"/sfbay/worldcentricsfbay/compostable-forks/5bd8972d52afce000f045a37","promotionalProductType":"none","isDeliveryRestricted":false,"orderTypes":["single"],"retailUnits":"24 count","retailPrice":299,"quantityOptions":[{"quantitySubscriptionDiscount":0,"quantity":1},{"quantitySubscriptionDiscount":0,"quantity":2},{"quantitySubscriptionDiscount":0,"quantity":3},{"quantitySubscriptionDiscount":0,"quantity":4},{"quantitySubscriptionDiscount":0,"quantity":5},{"quantitySubscriptionDiscount":0,"quantity":6},{"quantitySubscriptionDiscount":0,"quantity":7},{"quantitySubscriptionDiscount":0,"quantity":8},{"quantitySubscriptionDiscount":0,"quantity":9},{"quantitySubscriptionDiscount":0,"quantity":10}],"quantityDetails":null,"comparisonUnitPrice":null,"comparisonUnitName":null,"maxQuantity":10,"scheduleEntries":[],"vendor":{"city":"Petaluma, CA","name":"World Centric","shortDescription":"World Centric creates high quality certified compostable products and strives to be a model of sustainability by supporting grassroots organizations and non-profits. Their mission is to help create a thriving world where everyone\u2019s basic needs are met with a beneficial impact on the environment.","slug":"worldcentricsfbay","thumbnailUrl":"https://goodeggs4.imgix.net/8ROoIMQTCWbIFLMdZD4n_WC-Staff-Photo-2017 - Corey Rateau.jpg?w=560&h=350&fm=jpg&q=41&fit=crop&crop=faces","url":"/worldcentricsfbay"},"currentProducer":{"city":"Petaluma, CA","name":"World Centric","shortDescription":"World Centric creates high quality certified compostable products and strives to be a model of sustainability by supporting grassroots organizations and non-profits. Their mission is to help create a thriving world where everyone\u2019s basic needs are met with a beneficial impact on the environment.","slug":"worldcentricsfbay","thumbnailUrl":"https://goodeggs4.imgix.net/8ROoIMQTCWbIFLMdZD4n_WC-Staff-Photo-2017 - Corey Rateau.jpg?w=560&h=350&fm=jpg&q=41&fit=crop&crop=faces","url":"/worldcentricsfbay"},"otherProducers":[],"productType":"Compostable Cutlery","canSubscribe":false,"availabilitiesByDay":{"2021-05-24":{"status":"available","quantity":233},"2021-05-25":{"status":"available","quantity":233},"2021-05-26":{"status":"available","quantity":233},"2021-05-27":{"status":"available","quantity":233},"2021-05-28":{"status":"available","quantity":233},"2021-05-29":{"status":"available","quantity":233}},"isMealPlan":false},"5bd89657ddee9d000fdff26d":{"id":"5bd89657ddee9d000fdff26d","name":"Compostable Knives","photoUrl":"https://goodeggs4.imgix.net/9455a3c9-9c6d-4f27-a297-78f5f60dd88c.jpg?w=380&h=238&fm=jpg&auto=compress&fit=crop","url":"/sfbay/worldcentricsfbay/compostable-knives/5bd89657ddee9d000fdff26d","promotionalProductType":"none","isDeliveryRestricted":false,"orderTypes":["single"],"retailUnits":"24 count","retailPrice":299,"quantityOptions":[{"quantitySubscriptionDiscount":0,"quantity":1},{"quantitySubscriptionDiscount":0,"quantity":2},{"quantitySubscriptionDiscount":0,"quantity":3},{"quantitySubscriptionDiscount":0,"quantity":4},{"quantitySubscriptionDiscount":0,"quantity":5},{"quantitySubscriptionDiscount":0,"quantity":6},{"quantitySubscriptionDiscount":0,"quantity":7},{"quantitySubscriptionDiscount":0,"quantity":8},{"quantitySubscriptionDiscount":0,"quantity":9},{"quantitySubscriptionDiscount":0,"quantity":10}],"quantityDetails":null,"comparisonUnitPrice":null,"comparisonUnitName":null,"maxQuantity":10,"scheduleEntries":[],"vendor":{"city":"Petaluma, CA","name":"World Centric","shortDescription":"World Centric creates high quality certified compostable products and strives to be a model of sustainability by supporting grassroots organizations and non-profits. Their mission is to help create a thriving world where everyone\u2019s basic needs are met with a beneficial impact on the environment.","slug":"worldcentricsfbay","thumbnailUrl":"https://goodeggs4.imgix.net/8ROoIMQTCWbIFLMdZD4n_WC-Staff-Photo-2017 - Corey Rateau.jpg?w=560&h=350&fm=jpg&q=41&fit=crop&crop=faces","url":"/worldcentricsfbay"},"currentProducer":{"city":"Petaluma, CA","name":"World Centric","shortDescription":"World Centric creates high quality certified compostable products and strives to be a model of sustainability by supporting grassroots organizations and non-profits. Their mission is to help create a thriving world where everyone\u2019s basic needs are met with a beneficial impact on the environment.","slug":"worldcentricsfbay","thumbnailUrl":"https://goodeggs4.imgix.net/8ROoIMQTCWbIFLMdZD4n_WC-Staff-Photo-2017 - Corey Rateau.jpg?w=560&h=350&fm=jpg&q=41&fit=crop&crop=faces","url":"/worldcentricsfbay"},"otherProducers":[],"productType":"Compostable Cutlery","canSubscribe":false,"availabilitiesByDay":{"2021-05-24":{"status":"available","quantity":140},"2021-05-25":{"status":"available","quantity":140},"2021-05-26":{"status":"available","quantity":140},"2021-05-27":{"status":"available","quantity":140},"2021-05-28":{"status":"available","quantity":140},"2021-05-29":{"status":"available","quantity":140}},"isMealPlan":false},"5bd89b85ddee9d000fdff33e":{"id":"5bd89b85ddee9d000fdff33e","name":"9\" Compostable Plates","photoUrl":"https://goodeggs4.imgix.net/f3693e1e-ab27-48d1-a14f-f5cec39533aa.jpg?w=380&h=238&fm=jpg&auto=compress&fit=crop","url":"/sfbay/worldcentricsfbay/9-compostable-plates/5bd89b85ddee9d000fdff33e","promotionalProductType":"none","isDeliveryRestricted":false,"orderTypes":["single"],"retailUnits":"20 count","retailPrice":399,"quantityOptions":[{"quantitySubscriptionDiscount":0,"quantity":1},{"quantitySubscriptionDiscount":0,"quantity":2},{"quantitySubscriptionDiscount":0,"quantity":3},{"quantitySubscriptionDiscount":0,"quantity":4},{"quantitySubscriptionDiscount":0,"quantity":5},{"quantitySubscriptionDiscount":0,"quantity":6},{"quantitySubscriptionDiscount":0,"quantity":7},{"quantitySubscriptionDiscount":0,"quantity":8},{"quantitySubscriptionDiscount":0,"quantity":9},{"quantitySubscriptionDiscount":0,"quantity":10}],"quantityDetails":null,"comparisonUnitPrice":null,"comparisonUnitName":null,"maxQuantity":10,"scheduleEntries":[],"vendor":{"city":"Petaluma, CA","name":"World Centric","shortDescription":"World Centric creates high quality certified compostable products and strives to be a model of sustainability by supporting grassroots organizations and non-profits. Their mission is to help create a thriving world where everyone\u2019s basic needs are met with a beneficial impact on the environment.","slug":"worldcentricsfbay","thumbnailUrl":"https://goodeggs4.imgix.net/8ROoIMQTCWbIFLMdZD4n_WC-Staff-Photo-2017 - Corey Rateau.jpg?w=560&h=350&fm=jpg&q=41&fit=crop&crop=faces","url":"/worldcentricsfbay"},"currentProducer":{"city":"Petaluma, CA","name":"World Centric","shortDescription":"World Centric creates high quality certified compostable products and strives to be a model of sustainability by supporting grassroots organizations and non-profits. Their mission is to help create a thriving world where everyone\u2019s basic needs are met with a beneficial impact on the environment.","slug":"worldcentricsfbay","thumbnailUrl":"https://goodeggs4.imgix.net/8ROoIMQTCWbIFLMdZD4n_WC-Staff-Photo-2017 - Corey Rateau.jpg?w=560&h=350&fm=jpg&q=41&fit=crop&crop=faces","url":"/worldcentricsfbay"},"otherProducers":[],"productType":"Compostable Plates","canSubscribe":false,"availabilitiesByDay":{"2021-05-24":{"status":"available","quantity":748},"2021-05-25":{"status":"available","quantity":748},"2021-05-26":{"status":"available","quantity":748},"2021-05-27":{"status":"available","quantity":748},"2021-05-28":{"status":"available","quantity":748},"2021-05-29":{"status":"available","quantity":748}},"isMealPlan":false},"5bd899eb52afce000f045ac0":{"id":"5bd899eb52afce000f045ac0","name":"6\" Compostable Plates","photoUrl":"https://goodeggs4.imgix.net/9128c954-8511-4bb9-b4ce-4ca78398d734.jpg?w=380&h=238&fm=jpg&auto=compress&fit=crop","url":"/sfbay/worldcentricsfbay/6-compostable-plates/5bd899eb52afce000f045ac0","promotionalProductType":"none","isDeliveryRestricted":false,"orderTypes":["single"],"retailUnits":"20 count","retailPrice":249,"quantityOptions":[{"quantitySubscriptionDiscount":0,"quantity":1},{"quantitySubscriptionDiscount":0,"quantity":2},{"quantitySubscriptionDiscount":0,"quantity":3},{"quantitySubscriptionDiscount":0,"quantity":4},{"quantitySubscriptionDiscount":0,"quantity":5},{"quantitySubscriptionDiscount":0,"quantity":6},{"quantitySubscriptionDiscount":0,"quantity":7},{"quantitySubscriptionDiscount":0,"quantity":8},{"quantitySubscriptionDiscount":0,"quantity":9},{"quantitySubscriptionDiscount":0,"quantity":10}],"quantityDetails":null,"comparisonUnitPrice":null,"comparisonUnitName":null,"maxQuantity":10,"scheduleEntries":[],"vendor":{"city":"Petaluma, CA","name":"World Centric","shortDescription":"World Centric creates high quality certified compostable products and strives to be a model of sustainability by supporting grassroots organizations and non-profits. Their mission is to help create a thriving world where everyone\u2019s basic needs are met with a beneficial impact on the environment.","slug":"worldcentricsfbay","thumbnailUrl":"https://goodeggs4.imgix.net/8ROoIMQTCWbIFLMdZD4n_WC-Staff-Photo-2017 - Corey Rateau.jpg?w=560&h=350&fm=jpg&q=41&fit=crop&crop=faces","url":"/worldcentricsfbay"},"currentProducer":{"city":"Petaluma, CA","name":"World Centric","shortDescription":"World Centric creates high quality certified compostable products and strives to be a model of sustainability by supporting grassroots organizations and non-profits. Their mission is to help create a thriving world where everyone\u2019s basic needs are met with a beneficial impact on the environment.","slug":"worldcentricsfbay","thumbnailUrl":"https://goodeggs4.imgix.net/8ROoIMQTCWbIFLMdZD4n_WC-Staff-Photo-2017 - Corey Rateau.jpg?w=560&h=350&fm=jpg&q=41&fit=crop&crop=faces","url":"/worldcentricsfbay"},"otherProducers":[],"productType":"Compostable Plates","canSubscribe":false,"availabilitiesByDay":{"2021-05-24":{"status":"available","quantity":237},"2021-05-25":{"status":"available","quantity":237},"2021-05-26":{"status":"available","quantity":237},"2021-05-27":{"status":"available","quantity":237},"2021-05-28":{"status":"available","quantity":237},"2021-05-29":{"status":"available","quantity":237}},"isMealPlan":false},"5d7bda0b22c98d000e0677cf":{"id":"5d7bda0b22c98d000e0677cf","name":"Reusable V60 Coffee Filter","photoUrl":"https://goodeggs4.imgix.net/5ce3f4b2-8af8-4b6b-90b2-42e59170ba49.jpg?w=380&h=238&fm=jpg&auto=compress&fit=crop","url":"/sfbay/ebbfilter/reusable-v60-coffee-filter/5d7bda0b22c98d000e0677cf","promotionalProductType":"none","isDeliveryRestricted":false,"orderTypes":["single"],"retailUnits":"1 count","retailPrice":1799,"quantityOptions":[{"quantitySubscriptionDiscount":0,"quantity":1},{"quantitySubscriptionDiscount":0,"quantity":2},{"quantitySubscriptionDiscount":0,"quantity":3},{"quantitySubscriptionDiscount":0,"quantity":4},{"quantitySubscriptionDiscount":0,"quantity":5},{"quantitySubscriptionDiscount":0,"quantity":6},{"quantitySubscriptionDiscount":0,"quantity":7},{"quantitySubscriptionDiscount":0,"quantity":8},{"quantitySubscriptionDiscount":0,"quantity":9},{"quantitySubscriptionDiscount":0,"quantity":10}],"quantityDetails":null,"comparisonUnitPrice":null,"comparisonUnitName":null,"maxQuantity":10,"scheduleEntries":[],"vendor":{"city":"Oakland, CA","name":"Ebb Filter","shortDescription":"Ebb Filter's reusable organic cotton coffee filters are made with organic cotton that's grown by the Texas Organic Cotton Marketing Cooperative and is woven in South Carolina.","slug":"ebbfilter","thumbnailUrl":"https://goodeggs4.imgix.net/181e345d-a410-4ac7-b0a3-1553c26ac847.JPG?w=560&h=350&fm=jpg&q=41&fit=crop&crop=faces","url":"/ebbfilter"},"currentProducer":{"city":"Oakland, CA","name":"Ebb Filter","shortDescription":"Ebb Filter's reusable organic cotton coffee filters are made with organic cotton that's grown by the Texas Organic Cotton Marketing Cooperative and is woven in South Carolina.","slug":"ebbfilter","thumbnailUrl":"https://goodeggs4.imgix.net/181e345d-a410-4ac7-b0a3-1553c26ac847.JPG?w=560&h=350&fm=jpg&q=41&fit=crop&crop=faces","url":"/ebbfilter"},"otherProducers":[],"productType":"Coffee & Tea Filters","canSubscribe":false,"availabilitiesByDay":{"2021-05-24":{"status":"available","quantity":20},"2021-05-25":{"status":"available","quantity":20},"2021-05-26":{"status":"available","quantity":20},"2021-05-27":{"status":"available","quantity":20},"2021-05-28":{"status":"available","quantity":20},"2021-05-29":{"status":"available","quantity":20}},"isMealPlan":false},"5d7bdae3114a44000e34cf2f":{"id":"5d7bdae3114a44000e34cf2f","name":"Reusable Coffee Filter Compatible With Chemex\u00ae Coffee Maker","photoUrl":"https://goodeggs4.imgix.net/3a551642-9a06-4348-bb4b-2df132bcfd66.jpg?w=380&h=238&fm=jpg&auto=compress&fit=crop","url":"/sfbay/ebbfilter/reusable-coffee-filter-compatible-with-chemex-coffee-maker/5d7bdae3114a44000e34cf2f","promotionalProductType":"none","isDeliveryRestricted":false,"orderTypes":["single"],"retailUnits":"1 count","retailPrice":1799,"quantityOptions":[{"quantitySubscriptionDiscount":0,"quantity":1},{"quantitySubscriptionDiscount":0,"quantity":2},{"quantitySubscriptionDiscount":0,"quantity":3},{"quantitySubscriptionDiscount":0,"quantity":4},{"quantitySubscriptionDiscount":0,"quantity":5},{"quantitySubscriptionDiscount":0,"quantity":6},{"quantitySubscriptionDiscount":0,"quantity":7},{"quantitySubscriptionDiscount":0,"quantity":8},{"quantitySubscriptionDiscount":0,"quantity":9},{"quantitySubscriptionDiscount":0,"quantity":10}],"quantityDetails":null,"comparisonUnitPrice":null,"comparisonUnitName":null,"maxQuantity":10,"scheduleEntries":[],"vendor":{"city":"Oakland, CA","name":"Ebb Filter","shortDescription":"Ebb Filter's reusable organic cotton coffee filters are made with organic cotton that's grown by the Texas Organic Cotton Marketing Cooperative and is woven in South Carolina.","slug":"ebbfilter","thumbnailUrl":"https://goodeggs4.imgix.net/181e345d-a410-4ac7-b0a3-1553c26ac847.JPG?w=560&h=350&fm=jpg&q=41&fit=crop&crop=faces","url":"/ebbfilter"},"currentProducer":{"city":"Oakland, CA","name":"Ebb Filter","shortDescription":"Ebb Filter's reusable organic cotton coffee filters are made with organic cotton that's grown by the Texas Organic Cotton Marketing Cooperative and is woven in South Carolina.","slug":"ebbfilter","thumbnailUrl":"https://goodeggs4.imgix.net/181e345d-a410-4ac7-b0a3-1553c26ac847.JPG?w=560&h=350&fm=jpg&q=41&fit=crop&crop=faces","url":"/ebbfilter"},"otherProducers":[],"productType":"Coffee & Tea Filters","canSubscribe":false,"availabilitiesByDay":{"2021-05-24":{"status":"available","quantity":17},"2021-05-25":{"status":"available","quantity":17},"2021-05-26":{"status":"available","quantity":17},"2021-05-27":{"status":"available","quantity":17},"2021-05-28":{"status":"available","quantity":17},"2021-05-29":{"status":"available","quantity":17}},"isMealPlan":false},"5d7bdacf114a44000e34cf28":{"id":"5d7bdacf114a44000e34cf28","name":"Reusable No. 2 Coffee Filter","photoUrl":"https://goodeggs4.imgix.net/9d57c182-51d1-4511-9048-787f5cce02f2.jpg?w=380&h=238&fm=jpg&auto=compress&fit=crop","url":"/sfbay/ebbfilter/reusable-no-2-coffee-filter/5d7bdacf114a44000e34cf28","promotionalProductType":"none","isDeliveryRestricted":false,"orderTypes":["single"],"retailUnits":"1 count","retailPrice":1799,"quantityOptions":[{"quantitySubscriptionDiscount":0,"quantity":1},{"quantitySubscriptionDiscount":0,"quantity":2},{"quantitySubscriptionDiscount":0,"quantity":3},{"quantitySubscriptionDiscount":0,"quantity":4},{"quantitySubscriptionDiscount":0,"quantity":5},{"quantitySubscriptionDiscount":0,"quantity":6},{"quantitySubscriptionDiscount":0,"quantity":7},{"quantitySubscriptionDiscount":0,"quantity":8},{"quantitySubscriptionDiscount":0,"quantity":9},{"quantitySubscriptionDiscount":0,"quantity":10}],"quantityDetails":null,"comparisonUnitPrice":null,"comparisonUnitName":null,"maxQuantity":10,"scheduleEntries":[],"vendor":{"city":"Oakland, CA","name":"Ebb Filter","shortDescription":"Ebb Filter's reusable organic cotton coffee filters are made with organic cotton that's grown by the Texas Organic Cotton Marketing Cooperative and is woven in South Carolina.","slug":"ebbfilter","thumbnailUrl":"https://goodeggs4.imgix.net/181e345d-a410-4ac7-b0a3-1553c26ac847.JPG?w=560&h=350&fm=jpg&q=41&fit=crop&crop=faces","url":"/ebbfilter"},"currentProducer":{"city":"Oakland, CA","name":"Ebb Filter","shortDescription":"Ebb Filter's reusable organic cotton coffee filters are made with organic cotton that's grown by the Texas Organic Cotton Marketing Cooperative and is woven in South Carolina.","slug":"ebbfilter","thumbnailUrl":"https://goodeggs4.imgix.net/181e345d-a410-4ac7-b0a3-1553c26ac847.JPG?w=560&h=350&fm=jpg&q=41&fit=crop&crop=faces","url":"/ebbfilter"},"otherProducers":[],"productType":"Coffee & Tea Filters","canSubscribe":false,"availabilitiesByDay":{"2021-05-24":{"status":"available","quantity":21},"2021-05-25":{"status":"available","quantity":21},"2021-05-26":{"status":"available","quantity":21},"2021-05-27":{"status":"available","quantity":21},"2021-05-28":{"status":"available","quantity":21},"2021-05-29":{"status":"available","quantity":21}},"isMealPlan":false},"59fa54bf603832000b39b2df":{"id":"59fa54bf603832000b39b2df","name":"No. 4 Coffee Filters","photoUrl":"https://goodeggs4.imgix.net/48c66fc8-be17-4837-9420-f916f41560b4.jpg?w=380&h=238&fm=jpg&auto=compress&fit=crop","url":"/sfbay/ifyoucaresfbay/no-4-coffee-filters/59fa54bf603832000b39b2df","promotionalProductType":"none","isDeliveryRestricted":false,"orderTypes":["single"],"retailUnits":"100 count","retailPrice":499,"quantityOptions":[{"quantitySubscriptionDiscount":0,"quantity":1},{"quantitySubscriptionDiscount":0,"quantity":2},{"quantitySubscriptionDiscount":0,"quantity":3},{"quantitySubscriptionDiscount":0,"quantity":4},{"quantitySubscriptionDiscount":0,"quantity":5},{"quantitySubscriptionDiscount":0,"quantity":6},{"quantitySubscriptionDiscount":0,"quantity":7},{"quantitySubscriptionDiscount":0,"quantity":8},{"quantitySubscriptionDiscount":0,"quantity":9},{"quantitySubscriptionDiscount":0,"quantity":10}],"quantityDetails":"100x #4 cone filters.","comparisonUnitPrice":null,"comparisonUnitName":null,"maxQuantity":10,"scheduleEntries":[],"vendor":{"city":"Englewood Cliffs, NJ","name":"If You Care","shortDescription":"Our mission has always been to create the most environmentally friendly kitchen and household products, providing you and your family with high quality and highly effective alternatives.","slug":"ifyoucaresfbay","thumbnailUrl":"https://goodeggs4.imgix.net/5bf51435-30b6-4812-949c-7d061017e267.jpg?w=560&h=350&fm=jpg&q=41&fit=crop&crop=faces","url":"/ifyoucaresfbay"},"currentProducer":{"city":"Englewood Cliffs, NJ","name":"If You Care","shortDescription":"Our mission has always been to create the most environmentally friendly kitchen and household products, providing you and your family with high quality and highly effective alternatives.","slug":"ifyoucaresfbay","thumbnailUrl":"https://goodeggs4.imgix.net/5bf51435-30b6-4812-949c-7d061017e267.jpg?w=560&h=350&fm=jpg&q=41&fit=crop&crop=faces","url":"/ifyoucaresfbay"},"otherProducers":[],"productType":"Housewares","canSubscribe":false,"availabilitiesByDay":{"2021-05-24":{"status":"available","quantity":291},"2021-05-25":{"status":"available","quantity":291},"2021-05-26":{"status":"available","quantity":291},"2021-05-27":{"status":"available","quantity":291},"2021-05-28":{"status":"available","quantity":291},"2021-05-29":{"status":"available","quantity":291}},"isMealPlan":false},"59fa54894b9ee8000b186f5e":{"id":"59fa54894b9ee8000b186f5e","name":"No. 2 Coffee Filters","photoUrl":"https://goodeggs4.imgix.net/b3db8098-6bd7-4eb2-b04b-a2137861e948.jpg?w=380&h=238&fm=jpg&auto=compress&fit=crop","url":"/sfbay/ifyoucaresfbay/no-2-coffee-filters/59fa54894b9ee8000b186f5e","promotionalProductType":"none","isDeliveryRestricted":false,"orderTypes":["single"],"retailUnits":"100 count","retailPrice":499,"quantityOptions":[{"quantitySubscriptionDiscount":0,"quantity":1},{"quantitySubscriptionDiscount":0,"quantity":2},{"quantitySubscriptionDiscount":0,"quantity":3},{"quantitySubscriptionDiscount":0,"quantity":4},{"quantitySubscriptionDiscount":0,"quantity":5},{"quantitySubscriptionDiscount":0,"quantity":6},{"quantitySubscriptionDiscount":0,"quantity":7},{"quantitySubscriptionDiscount":0,"quantity":8},{"quantitySubscriptionDiscount":0,"quantity":9},{"quantitySubscriptionDiscount":0,"quantity":10}],"quantityDetails":"100x #2 cone filters.","comparisonUnitPrice":null,"comparisonUnitName":null,"maxQuantity":10,"scheduleEntries":[],"vendor":{"city":"Englewood Cliffs, NJ","name":"If You Care","shortDescription":"Our mission has always been to create the most environmentally friendly kitchen and household products, providing you and your family with high quality and highly effective alternatives.","slug":"ifyoucaresfbay","thumbnailUrl":"https://goodeggs4.imgix.net/5bf51435-30b6-4812-949c-7d061017e267.jpg?w=560&h=350&fm=jpg&q=41&fit=crop&crop=faces","url":"/ifyoucaresfbay"},"currentProducer":{"city":"Englewood Cliffs, NJ","name":"If You Care","shortDescription":"Our mission has always been to create the most environmentally friendly kitchen and household products, providing you and your family with high quality and highly effective alternatives.","slug":"ifyoucaresfbay","thumbnailUrl":"https://goodeggs4.imgix.net/5bf51435-30b6-4812-949c-7d061017e267.jpg?w=560&h=350&fm=jpg&q=41&fit=crop&crop=faces","url":"/ifyoucaresfbay"},"otherProducers":[],"productType":"Housewares","canSubscribe":false,"availabilitiesByDay":{"2021-05-24":{"status":"available","quantity":247},"2021-05-25":{"status":"available","quantity":247},"2021-05-26":{"status":"available","quantity":247},"2021-05-27":{"status":"available","quantity":247},"2021-05-28":{"status":"available","quantity":247},"2021-05-29":{"status":"available","quantity":247}},"isMealPlan":false},"533613c316c8d602000000d3":{"id":"533613c316c8d602000000d3","name":"T-sac Loose Leaf Tea Filters","photoUrl":"https://goodeggs4.imgix.net/5b8499b6-256c-4ebc-b0de-1ab9e79af117.jpg?w=380&h=238&fm=jpg&auto=compress&fit=crop","url":"/sfbay/fivemountainstea/t-sac-loose-leaf-tea-filters/533613c316c8d602000000d3","promotionalProductType":"none","isDeliveryRestricted":false,"orderTypes":["single"],"retailUnits":"100 count","retailPrice":999,"quantityOptions":[{"quantitySubscriptionDiscount":0,"quantity":1},{"quantitySubscriptionDiscount":0,"quantity":2},{"quantitySubscriptionDiscount":0,"quantity":3},{"quantitySubscriptionDiscount":0,"quantity":4},{"quantitySubscriptionDiscount":0,"quantity":5},{"quantitySubscriptionDiscount":0,"quantity":6},{"quantitySubscriptionDiscount":0,"quantity":7},{"quantitySubscriptionDiscount":0,"quantity":8},{"quantitySubscriptionDiscount":0,"quantity":9},{"quantitySubscriptionDiscount":0,"quantity":10}],"quantityDetails":"100 filters per box","comparisonUnitPrice":null,"comparisonUnitName":null,"maxQuantity":10,"scheduleEntries":[],"vendor":{"city":"San Francisco, CA","name":"Five Mountains Heirloom Organic Tea","shortDescription":"We specialize in Heirloom Organic tea. We have a goal of sharing the fruit of heirloom and traditional tea tree varieties that are being choked out by industrial farming hybrids, and demystifying the seemingly esoteric nature of tea.","slug":"fivemountainstea","thumbnailUrl":"https://goodeggs4.imgix.net/47378aa2-a37c-4b02-81f1-ab7268f0151e.jpg?w=560&h=350&fm=jpg&q=41&fit=crop&crop=faces","url":"/fivemountainstea"},"currentProducer":{"city":"San Francisco, CA","name":"Five Mountains Heirloom Organic Tea","shortDescription":"We specialize in Heirloom Organic tea. We have a goal of sharing the fruit of heirloom and traditional tea tree varieties that are being choked out by industrial farming hybrids, and demystifying the seemingly esoteric nature of tea.","slug":"fivemountainstea","thumbnailUrl":"https://goodeggs4.imgix.net/47378aa2-a37c-4b02-81f1-ab7268f0151e.jpg?w=560&h=350&fm=jpg&q=41&fit=crop&crop=faces","url":"/fivemountainstea"},"otherProducers":[],"productType":"Tea Bag","canSubscribe":false,"availabilitiesByDay":{"2021-05-24":{"status":"available","quantity":236},"2021-05-25":{"status":"available","quantity":236},"2021-05-26":{"status":"available","quantity":236},"2021-05-27":{"status":"available","quantity":236},"2021-05-28":{"status":"available","quantity":236},"2021-05-29":{"status":"available","quantity":236}},"isMealPlan":false},"5bd7c9deddee9d000fdfe7e9":{"id":"5bd7c9deddee9d000fdfe7e9","name":"Paper Baking Cups","photoUrl":"https://goodeggs4.imgix.net/6c11a71c-8221-4c14-bdb7-1a6721b95d71.jpg?w=380&h=238&fm=jpg&auto=compress&fit=crop","url":"/sfbay/ifyoucaresfbay/paper-baking-cups/5bd7c9deddee9d000fdfe7e9","promotionalProductType":"none","isDeliveryRestricted":false,"orderTypes":["single"],"retailUnits":"60 count","retailPrice":199,"quantityOptions":[{"quantitySubscriptionDiscount":0,"quantity":1},{"quantitySubscriptionDiscount":0,"quantity":2},{"quantitySubscriptionDiscount":0,"quantity":3},{"quantitySubscriptionDiscount":0,"quantity":4},{"quantitySubscriptionDiscount":0,"quantity":5},{"quantitySubscriptionDiscount":0,"quantity":6},{"quantitySubscriptionDiscount":0,"quantity":7},{"quantitySubscriptionDiscount":0,"quantity":8},{"quantitySubscriptionDiscount":0,"quantity":9},{"quantitySubscriptionDiscount":0,"quantity":10}],"quantityDetails":null,"comparisonUnitPrice":null,"comparisonUnitName":null,"maxQuantity":10,"scheduleEntries":[],"vendor":{"city":"Englewood Cliffs, NJ","name":"If You Care","shortDescription":"Our mission has always been to create the most environmentally friendly kitchen and household products, providing you and your family with high quality and highly effective alternatives.","slug":"ifyoucaresfbay","thumbnailUrl":"https://goodeggs4.imgix.net/5bf51435-30b6-4812-949c-7d061017e267.jpg?w=560&h=350&fm=jpg&q=41&fit=crop&crop=faces","url":"/ifyoucaresfbay"},"currentProducer":{"city":"Englewood Cliffs, NJ","name":"If You Care","shortDescription":"Our mission has always been to create the most environmentally friendly kitchen and household products, providing you and your family with high quality and highly effective alternatives.","slug":"ifyoucaresfbay","thumbnailUrl":"https://goodeggs4.imgix.net/5bf51435-30b6-4812-949c-7d061017e267.jpg?w=560&h=350&fm=jpg&q=41&fit=crop&crop=faces","url":"/ifyoucaresfbay"},"otherProducers":[],"productType":"Bakeware","canSubscribe":false,"availabilitiesByDay":{"2021-05-24":{"status":"available","quantity":326},"2021-05-25":{"status":"available","quantity":326},"2021-05-26":{"status":"available","quantity":326},"2021-05-27":{"status":"available","quantity":326},"2021-05-28":{"status":"available","quantity":326},"2021-05-29":{"status":"available","quantity":326}},"isMealPlan":false},"5612a7269059a80300b826a0":{"id":"5612a7269059a80300b826a0","name":"Unbleached Cheesecloth","photoUrl":"https://goodeggs4.imgix.net/e8820269-61cc-4328-a2d5-4ceb5f7fed6f.jpg?w=380&h=238&fm=jpg&auto=compress&fit=crop","url":"/sfbay/ifyoucaresfbay/unbleached-cheesecloth/5612a7269059a80300b826a0","promotionalProductType":"none","isDeliveryRestricted":false,"orderTypes":["single"],"retailUnits":"1 count","retailPrice":399,"quantityOptions":[{"quantitySubscriptionDiscount":0,"quantity":1},{"quantitySubscriptionDiscount":0,"quantity":2},{"quantitySubscriptionDiscount":0,"quantity":3},{"quantitySubscriptionDiscount":0,"quantity":4},{"quantitySubscriptionDiscount":0,"quantity":5},{"quantitySubscriptionDiscount":0,"quantity":6},{"quantitySubscriptionDiscount":0,"quantity":7},{"quantitySubscriptionDiscount":0,"quantity":8},{"quantitySubscriptionDiscount":0,"quantity":9},{"quantitySubscriptionDiscount":0,"quantity":10}],"quantityDetails":"2 square yards (72\"x36\")","comparisonUnitPrice":null,"comparisonUnitName":null,"maxQuantity":10,"scheduleEntries":[],"vendor":{"city":"Englewood Cliffs, NJ","name":"If You Care","shortDescription":"Our mission has always been to create the most environmentally friendly kitchen and household products, providing you and your family with high quality and highly effective alternatives.","slug":"ifyoucaresfbay","thumbnailUrl":"https://goodeggs4.imgix.net/5bf51435-30b6-4812-949c-7d061017e267.jpg?w=560&h=350&fm=jpg&q=41&fit=crop&crop=faces","url":"/ifyoucaresfbay"},"currentProducer":{"city":"Englewood Cliffs, NJ","name":"If You Care","shortDescription":"Our mission has always been to create the most environmentally friendly kitchen and household products, providing you and your family with high quality and highly effective alternatives.","slug":"ifyoucaresfbay","thumbnailUrl":"https://goodeggs4.imgix.net/5bf51435-30b6-4812-949c-7d061017e267.jpg?w=560&h=350&fm=jpg&q=41&fit=crop&crop=faces","url":"/ifyoucaresfbay"},"otherProducers":[],"productType":"Bakeware","canSubscribe":false,"availabilitiesByDay":{"2021-05-24":{"status":"available","quantity":148},"2021-05-25":{"status":"available","quantity":148},"2021-05-26":{"status":"available","quantity":148},"2021-05-27":{"status":"available","quantity":148},"2021-05-28":{"status":"available","quantity":148},"2021-05-29":{"status":"available","quantity":148}},"isMealPlan":false},"5bd89e5bddee9d000fdff3c5":{"id":"5bd89e5bddee9d000fdff3c5","name":"Paper Loaf Pans","photoUrl":"https://goodeggs4.imgix.net/eea928ed-73fb-4c6e-89ad-95722c3b74a1.jpg?w=380&h=238&fm=jpg&auto=compress&fit=crop","url":"/sfbay/ifyoucaresfbay/paper-loaf-pans/5bd89e5bddee9d000fdff3c5","promotionalProductType":"none","isDeliveryRestricted":false,"orderTypes":["single"],"retailUnits":"4 count","retailPrice":499,"quantityOptions":[{"quantitySubscriptionDiscount":0,"quantity":1},{"quantitySubscriptionDiscount":0,"quantity":2},{"quantitySubscriptionDiscount":0,"quantity":3},{"quantitySubscriptionDiscount":0,"quantity":4},{"quantitySubscriptionDiscount":0,"quantity":5},{"quantitySubscriptionDiscount":0,"quantity":6},{"quantitySubscriptionDiscount":0,"quantity":7},{"quantitySubscriptionDiscount":0,"quantity":8},{"quantitySubscriptionDiscount":0,"quantity":9},{"quantitySubscriptionDiscount":0,"quantity":10}],"quantityDetails":null,"comparisonUnitPrice":null,"comparisonUnitName":null,"maxQuantity":10,"scheduleEntries":[],"vendor":{"city":"Englewood Cliffs, NJ","name":"If You Care","shortDescription":"Our mission has always been to create the most environmentally friendly kitchen and household products, providing you and your family with high quality and highly effective alternatives.","slug":"ifyoucaresfbay","thumbnailUrl":"https://goodeggs4.imgix.net/5bf51435-30b6-4812-949c-7d061017e267.jpg?w=560&h=350&fm=jpg&q=41&fit=crop&crop=faces","url":"/ifyoucaresfbay"},"currentProducer":{"city":"Englewood Cliffs, NJ","name":"If You Care","shortDescription":"Our mission has always been to create the most environmentally friendly kitchen and household products, providing you and your family with high quality and highly effective alternatives.","slug":"ifyoucaresfbay","thumbnailUrl":"https://goodeggs4.imgix.net/5bf51435-30b6-4812-949c-7d061017e267.jpg?w=560&h=350&fm=jpg&q=41&fit=crop&crop=faces","url":"/ifyoucaresfbay"},"otherProducers":[],"productType":"Bakeware","canSubscribe":false,"availabilitiesByDay":{"2021-05-24":{"status":"available","quantity":29},"2021-05-25":{"status":"available","quantity":29},"2021-05-26":{"status":"available","quantity":29},"2021-05-27":{"status":"available","quantity":29},"2021-05-28":{"status":"available","quantity":29},"2021-05-29":{"status":"available","quantity":29}},"isMealPlan":false},"5bd89eceddee9d000fdff3d4":{"id":"5bd89eceddee9d000fdff3d4","name":"Paper Cake & Pie Pans","photoUrl":"https://goodeggs4.imgix.net/d42af694-478a-4d0e-ad79-88b0fd058700.jpg?w=380&h=238&fm=jpg&auto=compress&fit=crop","url":"/sfbay/ifyoucaresfbay/paper-cake-pie-pans/5bd89eceddee9d000fdff3d4","promotionalProductType":"none","isDeliveryRestricted":false,"orderTypes":["single"],"retailUnits":"4 count","retailPrice":499,"quantityOptions":[{"quantitySubscriptionDiscount":0,"quantity":1},{"quantitySubscriptionDiscount":0,"quantity":2},{"quantitySubscriptionDiscount":0,"quantity":3},{"quantitySubscriptionDiscount":0,"quantity":4},{"quantitySubscriptionDiscount":0,"quantity":5},{"quantitySubscriptionDiscount":0,"quantity":6},{"quantitySubscriptionDiscount":0,"quantity":7},{"quantitySubscriptionDiscount":0,"quantity":8},{"quantitySubscriptionDiscount":0,"quantity":9},{"quantitySubscriptionDiscount":0,"quantity":10}],"quantityDetails":null,"comparisonUnitPrice":null,"comparisonUnitName":null,"maxQuantity":10,"scheduleEntries":[],"vendor":{"city":"Englewood Cliffs, NJ","name":"If You Care","shortDescription":"Our mission has always been to create the most environmentally friendly kitchen and household products, providing you and your family with high quality and highly effective alternatives.","slug":"ifyoucaresfbay","thumbnailUrl":"https://goodeggs4.imgix.net/5bf51435-30b6-4812-949c-7d061017e267.jpg?w=560&h=350&fm=jpg&q=41&fit=crop&crop=faces","url":"/ifyoucaresfbay"},"currentProducer":{"city":"Englewood Cliffs, NJ","name":"If You Care","shortDescription":"Our mission has always been to create the most environmentally friendly kitchen and household products, providing you and your family with high quality and highly effective alternatives.","slug":"ifyoucaresfbay","thumbnailUrl":"https://goodeggs4.imgix.net/5bf51435-30b6-4812-949c-7d061017e267.jpg?w=560&h=350&fm=jpg&q=41&fit=crop&crop=faces","url":"/ifyoucaresfbay"},"otherProducers":[],"productType":"Bakeware","canSubscribe":false,"availabilitiesByDay":{"2021-05-24":{"status":"available","quantity":134},"2021-05-25":{"status":"available","quantity":134},"2021-05-26":{"status":"available","quantity":134},"2021-05-27":{"status":"available","quantity":134},"2021-05-28":{"status":"available","quantity":134},"2021-05-29":{"status":"available","quantity":134}},"isMealPlan":false},"5a0256a4d7fa4b000b41cb53":{"id":"5a0256a4d7fa4b000b41cb53","name":"Recycled Aluminum Roasting Pan","photoUrl":"https://goodeggs4.imgix.net/3c961ba5-8717-4d4a-a4d6-fa60666d5db3.jpg?w=380&h=238&fm=jpg&auto=compress&fit=crop","url":"/sfbay/ecofoilsfbay/recycled-aluminum-roasting-pan/5a0256a4d7fa4b000b41cb53","promotionalProductType":"none","isDeliveryRestricted":false,"orderTypes":["single"],"retailUnits":"1 count","retailPrice":499,"quantityOptions":[{"quantitySubscriptionDiscount":0,"quantity":1},{"quantitySubscriptionDiscount":0,"quantity":2},{"quantitySubscriptionDiscount":0,"quantity":3},{"quantitySubscriptionDiscount":0,"quantity":4},{"quantitySubscriptionDiscount":0,"quantity":5},{"quantitySubscriptionDiscount":0,"quantity":6},{"quantitySubscriptionDiscount":0,"quantity":7},{"quantitySubscriptionDiscount":0,"quantity":8},{"quantitySubscriptionDiscount":0,"quantity":9},{"quantitySubscriptionDiscount":0,"quantity":10}],"quantityDetails":null,"comparisonUnitPrice":null,"comparisonUnitName":null,"maxQuantity":10,"scheduleEntries":[],"vendor":{"city":"Wheeling, IL","name":"Eco-Foil","shortDescription":"Eco-Foil's aluminum pans are made right here in the USA, in Wheeling, Illinois.","slug":"ecofoilsfbay","thumbnailUrl":"https://goodeggs4.imgix.net/c885f03f-480d-4925-943b-d879d6e3948e.jpg?w=560&h=350&fm=jpg&q=41&fit=crop&crop=faces","url":"/ecofoilsfbay"},"currentProducer":{"city":"Wheeling, IL","name":"Eco-Foil","shortDescription":"Eco-Foil's aluminum pans are made right here in the USA, in Wheeling, Illinois.","slug":"ecofoilsfbay","thumbnailUrl":"https://goodeggs4.imgix.net/c885f03f-480d-4925-943b-d879d6e3948e.jpg?w=560&h=350&fm=jpg&q=41&fit=crop&crop=faces","url":"/ecofoilsfbay"},"otherProducers":[],"productType":"Housewares","canSubscribe":false,"availabilitiesByDay":{"2021-05-24":{"status":"available","quantity":849},"2021-05-25":{"status":"available","quantity":849},"2021-05-26":{"status":"available","quantity":849},"2021-05-27":{"status":"available","quantity":849},"2021-05-28":{"status":"available","quantity":849},"2021-05-29":{"status":"available","quantity":849}},"isMealPlan":false},"59f8de6a85f581000bff4f70":{"id":"59f8de6a85f581000bff4f70","name":"Parchment Roasting Bags","photoUrl":"https://goodeggs4.imgix.net/f94d5eda-ecee-4e1f-a8ef-46710c4c3fd8.jpg?w=380&h=238&fm=jpg&auto=compress&fit=crop","url":"/sfbay/ifyoucaresfbay/parchment-roasting-bags/59f8de6a85f581000bff4f70","promotionalProductType":"none","isDeliveryRestricted":false,"orderTypes":["single"],"retailUnits":"2 count","retailPrice":849,"quantityOptions":[{"quantitySubscriptionDiscount":0,"quantity":1},{"quantitySubscriptionDiscount":0,"quantity":2},{"quantitySubscriptionDiscount":0,"quantity":3},{"quantitySubscriptionDiscount":0,"quantity":4},{"quantitySubscriptionDiscount":0,"quantity":5},{"quantitySubscriptionDiscount":0,"quantity":6},{"quantitySubscriptionDiscount":0,"quantity":7},{"quantitySubscriptionDiscount":0,"quantity":8},{"quantitySubscriptionDiscount":0,"quantity":9},{"quantitySubscriptionDiscount":0,"quantity":10}],"quantityDetails":"2 extra-large non-stick parchment roasting bags.","comparisonUnitPrice":null,"comparisonUnitName":null,"maxQuantity":10,"scheduleEntries":[],"vendor":{"city":"Englewood Cliffs, NJ","name":"If You Care","shortDescription":"Our mission has always been to create the most environmentally friendly kitchen and household products, providing you and your family with high quality and highly effective alternatives.","slug":"ifyoucaresfbay","thumbnailUrl":"https://goodeggs4.imgix.net/5bf51435-30b6-4812-949c-7d061017e267.jpg?w=560&h=350&fm=jpg&q=41&fit=crop&crop=faces","url":"/ifyoucaresfbay"},"currentProducer":{"city":"Englewood Cliffs, NJ","name":"If You Care","shortDescription":"Our mission has always been to create the most environmentally friendly kitchen and household products, providing you and your family with high quality and highly effective alternatives.","slug":"ifyoucaresfbay","thumbnailUrl":"https://goodeggs4.imgix.net/5bf51435-30b6-4812-949c-7d061017e267.jpg?w=560&h=350&fm=jpg&q=41&fit=crop&crop=faces","url":"/ifyoucaresfbay"},"otherProducers":[],"productType":"Housewares","canSubscribe":false,"availabilitiesByDay":{"2021-05-24":{"status":"available","quantity":117},"2021-05-25":{"status":"available","quantity":117},"2021-05-26":{"status":"available","quantity":117},"2021-05-27":{"status":"available","quantity":117},"2021-05-28":{"status":"available","quantity":117},"2021-05-29":{"status":"available","quantity":117}},"isMealPlan":false},"5fbc36d771785b000ea8d0ab":{"id":"5fbc36d771785b000ea8d0ab","name":"Casserole Tote - Blackberry","photoUrl":"https://goodeggs4.imgix.net/343d6a53-96f9-4f32-90b1-fc4d432ac623.jpg?w=380&h=238&fm=jpg&auto=compress&fit=crop","url":"/sfbay/aplat/casserole-tote-blackberry/5fbc36d771785b000ea8d0ab","promotionalProductType":"none","isDeliveryRestricted":false,"orderTypes":["single"],"retailUnits":"1 count","retailPrice":5199,"quantityOptions":[{"quantitySubscriptionDiscount":0,"quantity":1},{"quantitySubscriptionDiscount":0,"quantity":2},{"quantitySubscriptionDiscount":0,"quantity":3},{"quantitySubscriptionDiscount":0,"quantity":4},{"quantitySubscriptionDiscount":0,"quantity":5},{"quantitySubscriptionDiscount":0,"quantity":6},{"quantitySubscriptionDiscount":0,"quantity":7},{"quantitySubscriptionDiscount":0,"quantity":8},{"quantitySubscriptionDiscount":0,"quantity":9},{"quantitySubscriptionDiscount":0,"quantity":10}],"quantityDetails":"1 tote bag","comparisonUnitPrice":null,"comparisonUnitName":null,"maxQuantity":10,"scheduleEntries":[],"vendor":{"city":"San Francisco, CA","name":"Aplat","shortDescription":"Aplat has created a culinary design collection for sharing food and wine. ","slug":"aplat","thumbnailUrl":"https://goodeggs4.imgix.net/9b22a1b0-38bb-11eb-9263-15dc573dd158?w=560&h=350&fm=jpg&q=41&fit=crop&crop=faces","url":"/aplat"},"currentProducer":{"city":"San Francisco, CA","name":"Aplat","shortDescription":"Aplat has created a culinary design collection for sharing food and wine. ","slug":"aplat","thumbnailUrl":"https://goodeggs4.imgix.net/9b22a1b0-38bb-11eb-9263-15dc573dd158?w=560&h=350&fm=jpg&q=41&fit=crop&crop=faces","url":"/aplat"},"otherProducers":[],"productType":"Paper Towels","canSubscribe":false,"availabilitiesByDay":{"2021-05-24":{"status":"available","quantity":21},"2021-05-25":{"status":"available","quantity":21},"2021-05-26":{"status":"available","quantity":21},"2021-05-27":{"status":"available","quantity":21},"2021-05-28":{"status":"available","quantity":21},"2021-05-29":{"status":"available","quantity":21}},"isMealPlan":false},"5fbc385548d36b000e39f4c3":{"id":"5fbc385548d36b000e39f4c3","name":"Single Bottle Wine and Picnic Tote - Merlot","photoUrl":"https://goodeggs4.imgix.net/337a01fd-62fb-464f-acc8-eda678b8550e.jpg?w=380&h=238&fm=jpg&auto=compress&fit=crop","url":"/sfbay/aplat/single-bottle-wine-and-picnic-tote-merlot/5fbc385548d36b000e39f4c3","promotionalProductType":"none","isDeliveryRestricted":false,"orderTypes":["single"],"retailUnits":"1 count","retailPrice":5199,"quantityOptions":[{"quantitySubscriptionDiscount":0,"quantity":1},{"quantitySubscriptionDiscount":0,"quantity":2},{"quantitySubscriptionDiscount":0,"quantity":3},{"quantitySubscriptionDiscount":0,"quantity":4},{"quantitySubscriptionDiscount":0,"quantity":5},{"quantitySubscriptionDiscount":0,"quantity":6},{"quantitySubscriptionDiscount":0,"quantity":7},{"quantitySubscriptionDiscount":0,"quantity":8},{"quantitySubscriptionDiscount":0,"quantity":9},{"quantitySubscriptionDiscount":0,"quantity":10}],"quantityDetails":"1 tote bag","comparisonUnitPrice":null,"comparisonUnitName":null,"maxQuantity":10,"scheduleEntries":[],"vendor":{"city":"San Francisco, CA","name":"Aplat","shortDescription":"Aplat has created a culinary design collection for sharing food and wine. ","slug":"aplat","thumbnailUrl":"https://goodeggs4.imgix.net/9b22a1b0-38bb-11eb-9263-15dc573dd158?w=560&h=350&fm=jpg&q=41&fit=crop&crop=faces","url":"/aplat"},"currentProducer":{"city":"San Francisco, CA","name":"Aplat","shortDescription":"Aplat has created a culinary design collection for sharing food and wine. ","slug":"aplat","thumbnailUrl":"https://goodeggs4.imgix.net/9b22a1b0-38bb-11eb-9263-15dc573dd158?w=560&h=350&fm=jpg&q=41&fit=crop&crop=faces","url":"/aplat"},"otherProducers":[],"productType":"Paper Towels","canSubscribe":false,"availabilitiesByDay":{"2021-05-24":{"status":"available","quantity":52},"2021-05-25":{"status":"available","quantity":52},"2021-05-26":{"status":"available","quantity":52},"2021-05-27":{"status":"available","quantity":52},"2021-05-28":{"status":"available","quantity":52},"2021-05-29":{"status":"available","quantity":52}},"isMealPlan":false},"5fbc317471785b000ea8cff7":{"id":"5fbc317471785b000ea8cff7","name":"Casserole Tote - Merlot","photoUrl":"https://goodeggs4.imgix.net/88feed73-146b-46a2-94bb-fc7076c82749.jpg?w=380&h=238&fm=jpg&auto=compress&fit=crop","url":"/sfbay/aplat/casserole-tote-merlot/5fbc317471785b000ea8cff7","promotionalProductType":"none","isDeliveryRestricted":false,"orderTypes":["single"],"retailUnits":"1 count","retailPrice":5199,"quantityOptions":[{"quantitySubscriptionDiscount":0,"quantity":1},{"quantitySubscriptionDiscount":0,"quantity":2},{"quantitySubscriptionDiscount":0,"quantity":3},{"quantitySubscriptionDiscount":0,"quantity":4},{"quantitySubscriptionDiscount":0,"quantity":5},{"quantitySubscriptionDiscount":0,"quantity":6},{"quantitySubscriptionDiscount":0,"quantity":7},{"quantitySubscriptionDiscount":0,"quantity":8},{"quantitySubscriptionDiscount":0,"quantity":9},{"quantitySubscriptionDiscount":0,"quantity":10}],"quantityDetails":null,"comparisonUnitPrice":null,"comparisonUnitName":null,"maxQuantity":10,"scheduleEntries":[],"vendor":{"city":"San Francisco, CA","name":"Aplat","shortDescription":"Aplat has created a culinary design collection for sharing food and wine. ","slug":"aplat","thumbnailUrl":"https://goodeggs4.imgix.net/9b22a1b0-38bb-11eb-9263-15dc573dd158?w=560&h=350&fm=jpg&q=41&fit=crop&crop=faces","url":"/aplat"},"currentProducer":{"city":"San Francisco, CA","name":"Aplat","shortDescription":"Aplat has created a culinary design collection for sharing food and wine. ","slug":"aplat","thumbnailUrl":"https://goodeggs4.imgix.net/9b22a1b0-38bb-11eb-9263-15dc573dd158?w=560&h=350&fm=jpg&q=41&fit=crop&crop=faces","url":"/aplat"},"otherProducers":[],"productType":"Paper Towels","canSubscribe":false,"availabilitiesByDay":{"2021-05-24":{"status":"available","quantity":23},"2021-05-25":{"status":"available","quantity":23},"2021-05-26":{"status":"available","quantity":23},"2021-05-27":{"status":"available","quantity":23},"2021-05-28":{"status":"available","quantity":23},"2021-05-29":{"status":"available","quantity":23}},"isMealPlan":false},"5fbc388b48d36b000e39f4e4":{"id":"5fbc388b48d36b000e39f4e4","name":"Single Bottle Wine and Picnic Tote - Blackberry","photoUrl":"https://goodeggs4.imgix.net/351131c3-3281-4ffc-8266-a935737ec29a.jpg?w=380&h=238&fm=jpg&auto=compress&fit=crop","url":"/sfbay/aplat/single-bottle-wine-and-picnic-tote-blackberry/5fbc388b48d36b000e39f4e4","promotionalProductType":"none","isDeliveryRestricted":false,"orderTypes":["single"],"retailUnits":"1 count","retailPrice":5199,"quantityOptions":[{"quantitySubscriptionDiscount":0,"quantity":1},{"quantitySubscriptionDiscount":0,"quantity":2},{"quantitySubscriptionDiscount":0,"quantity":3},{"quantitySubscriptionDiscount":0,"quantity":4},{"quantitySubscriptionDiscount":0,"quantity":5},{"quantitySubscriptionDiscount":0,"quantity":6},{"quantitySubscriptionDiscount":0,"quantity":7},{"quantitySubscriptionDiscount":0,"quantity":8},{"quantitySubscriptionDiscount":0,"quantity":9},{"quantitySubscriptionDiscount":0,"quantity":10}],"quantityDetails":"1 tote bag","comparisonUnitPrice":null,"comparisonUnitName":null,"maxQuantity":10,"scheduleEntries":[],"vendor":{"city":"San Francisco, CA","name":"Aplat","shortDescription":"Aplat has created a culinary design collection for sharing food and wine. ","slug":"aplat","thumbnailUrl":"https://goodeggs4.imgix.net/9b22a1b0-38bb-11eb-9263-15dc573dd158?w=560&h=350&fm=jpg&q=41&fit=crop&crop=faces","url":"/aplat"},"currentProducer":{"city":"San Francisco, CA","name":"Aplat","shortDescription":"Aplat has created a culinary design collection for sharing food and wine. ","slug":"aplat","thumbnailUrl":"https://goodeggs4.imgix.net/9b22a1b0-38bb-11eb-9263-15dc573dd158?w=560&h=350&fm=jpg&q=41&fit=crop&crop=faces","url":"/aplat"},"otherProducers":[],"productType":"Paper Towels","canSubscribe":false,"availabilitiesByDay":{"2021-05-24":{"status":"available","quantity":44},"2021-05-25":{"status":"available","quantity":44},"2021-05-26":{"status":"available","quantity":44},"2021-05-27":{"status":"available","quantity":44},"2021-05-28":{"status":"available","quantity":44},"2021-05-29":{"status":"available","quantity":44}},"isMealPlan":false},"5bd8b23addee9d000fdff6cb":{"id":"5bd8b23addee9d000fdff6cb","name":"Facial Tissue","photoUrl":"https://goodeggs4.imgix.net/7bc2360d-06fd-4774-8b29-91838103ecc3.jpg?w=380&h=238&fm=jpg&auto=compress&fit=crop","url":"/sfbay/seventhgenerationsfbay/facial-tissue/5bd8b23addee9d000fdff6cb","promotionalProductType":"none","isDeliveryRestricted":false,"orderTypes":["single"],"retailUnits":"1 count","retailPrice":269,"quantityOptions":[{"quantitySubscriptionDiscount":0,"quantity":1},{"quantitySubscriptionDiscount":0,"quantity":2}],"quantityDetails":"1 box - 85 count","comparisonUnitPrice":null,"comparisonUnitName":null,"maxQuantity":2,"scheduleEntries":[],"vendor":{"city":"Burlington, VT","name":"Seventh Generation","shortDescription":"Seventh Generation is a B Corporation based in Vermont, dedicated to nurturing the health of future generations while creating plant-based solutions for your home and family.","slug":"seventhgenerationsfbay","thumbnailUrl":"https://goodeggs4.imgix.net/de0b1845-9fd2-44af-9068-8e9b171cb94c.jpg?w=560&h=350&fm=jpg&q=41&fit=crop&crop=faces","url":"/seventhgenerationsfbay"},"currentProducer":{"city":"Burlington, VT","name":"Seventh Generation","shortDescription":"Seventh Generation is a B Corporation based in Vermont, dedicated to nurturing the health of future generations while creating plant-based solutions for your home and family.","slug":"seventhgenerationsfbay","thumbnailUrl":"https://goodeggs4.imgix.net/de0b1845-9fd2-44af-9068-8e9b171cb94c.jpg?w=560&h=350&fm=jpg&q=41&fit=crop&crop=faces","url":"/seventhgenerationsfbay"},"otherProducers":[],"productType":"Facial Tissue","canSubscribe":false,"availabilitiesByDay":{"2021-05-24":{"status":"available","quantity":902},"2021-05-25":{"status":"available","quantity":902},"2021-05-26":{"status":"available","quantity":902},"2021-05-27":{"status":"available","quantity":902},"2021-05-28":{"status":"available","quantity":902},"2021-05-29":{"status":"available","quantity":902}},"isMealPlan":false},"5fb7184ecfffa7000e2a136e":{"id":"5fb7184ecfffa7000e2a136e","name":"Tree-Free Kitchen Towels","photoUrl":"https://goodeggs4.imgix.net/878659f8-e13e-49a2-8fe9-e031b8282917.jpg?w=380&h=238&fm=jpg&auto=compress&fit=crop","url":"/sfbay/thecheekypanda/tree-free-kitchen-towels/5fb7184ecfffa7000e2a136e","promotionalProductType":"none","isDeliveryRestricted":false,"orderTypes":["single"],"retailUnits":"2 count","retailPrice":599,"quantityOptions":[{"quantitySubscriptionDiscount":0,"quantity":1},{"quantitySubscriptionDiscount":0,"quantity":2},{"quantitySubscriptionDiscount":0,"quantity":3},{"quantitySubscriptionDiscount":0,"quantity":4},{"quantitySubscriptionDiscount":0,"quantity":5},{"quantitySubscriptionDiscount":0,"quantity":6},{"quantitySubscriptionDiscount":0,"quantity":7},{"quantitySubscriptionDiscount":0,"quantity":8},{"quantitySubscriptionDiscount":0,"quantity":9},{"quantitySubscriptionDiscount":0,"quantity":10}],"quantityDetails":"2 pack","comparisonUnitPrice":null,"comparisonUnitName":null,"maxQuantity":10,"scheduleEntries":[],"vendor":{"city":"London, England ","name":"The Cheeky Panda","shortDescription":"The Cheeky Panda makes ultra sustainable bamboo products. ","slug":"thecheekypanda","thumbnailUrl":"https://goodeggs4.imgix.net/3e9e91d0-2ac7-11eb-b821-8bf55672a2ef?w=560&h=350&fm=jpg&q=41&fit=crop&crop=faces","url":"/thecheekypanda"},"currentProducer":{"city":"London, England ","name":"The Cheeky Panda","shortDescription":"The Cheeky Panda makes ultra sustainable bamboo products. ","slug":"thecheekypanda","thumbnailUrl":"https://goodeggs4.imgix.net/3e9e91d0-2ac7-11eb-b821-8bf55672a2ef?w=560&h=350&fm=jpg&q=41&fit=crop&crop=faces","url":"/thecheekypanda"},"otherProducers":[],"productType":"Paper Towels","canSubscribe":false,"availabilitiesByDay":{"2021-05-24":{"status":"available","quantity":361},"2021-05-25":{"status":"available","quantity":361},"2021-05-26":{"status":"available","quantity":361},"2021-05-27":{"status":"available","quantity":361},"2021-05-28":{"status":"available","quantity":361},"2021-05-29":{"status":"available","quantity":361}},"isMealPlan":false},"59385804d14da5000a2612c7":{"id":"59385804d14da5000a2612c7","name":"Unbleached Paper Towels","photoUrl":"https://goodeggs4.imgix.net/e3b4ac28-98b9-45a2-acd1-44c9cc63666f.jpg?w=380&h=238&fm=jpg&auto=compress&fit=crop","url":"/sfbay/seventhgenerationsfbay/unbleached-paper-towels/59385804d14da5000a2612c7","promotionalProductType":"none","isDeliveryRestricted":false,"orderTypes":["single"],"retailUnits":"1 count","retailPrice":299,"quantityOptions":[{"quantitySubscriptionDiscount":0,"quantity":1},{"quantitySubscriptionDiscount":0,"quantity":2}],"quantityDetails":"120 2-ply sheets. Due to high demand, quantity limited to 2 per order.","comparisonUnitPrice":null,"comparisonUnitName":null,"maxQuantity":2,"scheduleEntries":[],"vendor":{"city":"Burlington, VT","name":"Seventh Generation","shortDescription":"Seventh Generation is a B Corporation based in Vermont, dedicated to nurturing the health of future generations while creating plant-based solutions for your home and family.","slug":"seventhgenerationsfbay","thumbnailUrl":"https://goodeggs4.imgix.net/de0b1845-9fd2-44af-9068-8e9b171cb94c.jpg?w=560&h=350&fm=jpg&q=41&fit=crop&crop=faces","url":"/seventhgenerationsfbay"},"currentProducer":{"city":"Burlington, VT","name":"Seventh Generation","shortDescription":"Seventh Generation is a B Corporation based in Vermont, dedicated to nurturing the health of future generations while creating plant-based solutions for your home and family.","slug":"seventhgenerationsfbay","thumbnailUrl":"https://goodeggs4.imgix.net/de0b1845-9fd2-44af-9068-8e9b171cb94c.jpg?w=560&h=350&fm=jpg&q=41&fit=crop&crop=faces","url":"/seventhgenerationsfbay"},"otherProducers":[],"productType":"Paper Towels","canSubscribe":false,"availabilitiesByDay":{"2021-05-24":{"status":"available","quantity":296},"2021-05-25":{"status":"available","quantity":296},"2021-05-26":{"status":"available","quantity":296},"2021-05-27":{"status":"available","quantity":296},"2021-05-28":{"status":"available","quantity":296},"2021-05-29":{"status":"available","quantity":296}},"isMealPlan":false},"593849c4d14da5000a261228":{"id":"593849c4d14da5000a261228","name":"Chlorine-Free Paper Towels","photoUrl":"https://goodeggs4.imgix.net/9876fbe2-2312-4b6e-8e8f-44b3ab2713c5.jpg?w=380&h=238&fm=jpg&auto=compress&fit=crop","url":"/sfbay/seventhgenerationsfbay/chlorine-free-paper-towels/593849c4d14da5000a261228","promotionalProductType":"none","isDeliveryRestricted":false,"orderTypes":["single"],"retailUnits":"1 count","retailPrice":299,"quantityOptions":[{"quantitySubscriptionDiscount":0,"quantity":1},{"quantitySubscriptionDiscount":0,"quantity":2},{"quantitySubscriptionDiscount":0,"quantity":3}],"quantityDetails":"152 2-ply sheets. Due to high demand, quantity limited to 3 per order.","comparisonUnitPrice":null,"comparisonUnitName":null,"maxQuantity":3,"scheduleEntries":[],"vendor":{"city":"Burlington, VT","name":"Seventh Generation","shortDescription":"Seventh Generation is a B Corporation based in Vermont, dedicated to nurturing the health of future generations while creating plant-based solutions for your home and family.","slug":"seventhgenerationsfbay","thumbnailUrl":"https://goodeggs4.imgix.net/de0b1845-9fd2-44af-9068-8e9b171cb94c.jpg?w=560&h=350&fm=jpg&q=41&fit=crop&crop=faces","url":"/seventhgenerationsfbay"},"currentProducer":{"city":"Burlington, VT","name":"Seventh Generation","shortDescription":"Seventh Generation is a B Corporation based in Vermont, dedicated to nurturing the health of future generations while creating plant-based solutions for your home and family.","slug":"seventhgenerationsfbay","thumbnailUrl":"https://goodeggs4.imgix.net/de0b1845-9fd2-44af-9068-8e9b171cb94c.jpg?w=560&h=350&fm=jpg&q=41&fit=crop&crop=faces","url":"/seventhgenerationsfbay"},"otherProducers":[],"productType":"Paper Towels","canSubscribe":false,"availabilitiesByDay":{"2021-05-24":{"status":"available","quantity":371},"2021-05-25":{"status":"available","quantity":371},"2021-05-26":{"status":"available","quantity":371},"2021-05-27":{"status":"available","quantity":371},"2021-05-28":{"status":"available","quantity":371},"2021-05-29":{"status":"available","quantity":371}},"isMealPlan":false},"5fb718c769835b000efbd41b":{"id":"5fb718c769835b000efbd41b","name":"Tree-Free Tissues","photoUrl":"https://goodeggs4.imgix.net/d6c6ee28-357c-499f-a570-3519ecd0f80a.jpg?w=380&h=238&fm=jpg&auto=compress&fit=crop","url":"/sfbay/thecheekypanda/tree-free-tissues/5fb718c769835b000efbd41b","promotionalProductType":"none","isDeliveryRestricted":false,"orderTypes":["single"],"retailUnits":"1 count","retailPrice":299,"quantityOptions":[{"quantitySubscriptionDiscount":0,"quantity":1},{"quantitySubscriptionDiscount":0,"quantity":2},{"quantitySubscriptionDiscount":0,"quantity":3},{"quantitySubscriptionDiscount":0,"quantity":4},{"quantitySubscriptionDiscount":0,"quantity":5},{"quantitySubscriptionDiscount":0,"quantity":6},{"quantitySubscriptionDiscount":0,"quantity":7},{"quantitySubscriptionDiscount":0,"quantity":8},{"quantitySubscriptionDiscount":0,"quantity":9},{"quantitySubscriptionDiscount":0,"quantity":10}],"quantityDetails":"1 box","comparisonUnitPrice":null,"comparisonUnitName":null,"maxQuantity":10,"scheduleEntries":[],"vendor":{"city":"London, England ","name":"The Cheeky Panda","shortDescription":"The Cheeky Panda makes ultra sustainable bamboo products. ","slug":"thecheekypanda","thumbnailUrl":"https://goodeggs4.imgix.net/3e9e91d0-2ac7-11eb-b821-8bf55672a2ef?w=560&h=350&fm=jpg&q=41&fit=crop&crop=faces","url":"/thecheekypanda"},"currentProducer":{"city":"London, England ","name":"The Cheeky Panda","shortDescription":"The Cheeky Panda makes ultra sustainable bamboo products. ","slug":"thecheekypanda","thumbnailUrl":"https://goodeggs4.imgix.net/3e9e91d0-2ac7-11eb-b821-8bf55672a2ef?w=560&h=350&fm=jpg&q=41&fit=crop&crop=faces","url":"/thecheekypanda"},"otherProducers":[],"productType":"Paper Towels","canSubscribe":false,"availabilitiesByDay":{"2021-05-24":{"status":"available","quantity":461},"2021-05-25":{"status":"available","quantity":461},"2021-05-26":{"status":"available","quantity":461},"2021-05-27":{"status":"available","quantity":461},"2021-05-28":{"status":"available","quantity":461},"2021-05-29":{"status":"available","quantity":461}},"isMealPlan":false},"5fb716a8cfffa7000e2a1364":{"id":"5fb716a8cfffa7000e2a1364","name":"Tree-Free Bathroom Tissue","photoUrl":"https://goodeggs4.imgix.net/f8ae1608-3fc1-4fe5-be3c-a87d6f28d8ef.jpg?w=380&h=238&fm=jpg&auto=compress&fit=crop","url":"/sfbay/thecheekypanda/tree-free-bathroom-tissue/5fb716a8cfffa7000e2a1364","promotionalProductType":"none","isDeliveryRestricted":false,"orderTypes":["single"],"retailUnits":"9 count","retailPrice":899,"quantityOptions":[{"quantitySubscriptionDiscount":0,"quantity":1},{"quantitySubscriptionDiscount":0,"quantity":2}],"quantityDetails":"9 pack. Limited to 2 per order.","comparisonUnitPrice":null,"comparisonUnitName":null,"maxQuantity":2,"scheduleEntries":[],"vendor":{"city":"London, England ","name":"The Cheeky Panda","shortDescription":"The Cheeky Panda makes ultra sustainable bamboo products. ","slug":"thecheekypanda","thumbnailUrl":"https://goodeggs4.imgix.net/3e9e91d0-2ac7-11eb-b821-8bf55672a2ef?w=560&h=350&fm=jpg&q=41&fit=crop&crop=faces","url":"/thecheekypanda"},"currentProducer":{"city":"London, England ","name":"The Cheeky Panda","shortDescription":"The Cheeky Panda makes ultra sustainable bamboo products. ","slug":"thecheekypanda","thumbnailUrl":"https://goodeggs4.imgix.net/3e9e91d0-2ac7-11eb-b821-8bf55672a2ef?w=560&h=350&fm=jpg&q=41&fit=crop&crop=faces","url":"/thecheekypanda"},"otherProducers":[],"productType":"Toilet Paper","canSubscribe":false,"availabilitiesByDay":{"2021-05-24":{"status":"available","quantity":215},"2021-05-25":{"status":"available","quantity":215},"2021-05-26":{"status":"available","quantity":215},"2021-05-27":{"status":"available","quantity":215},"2021-05-28":{"status":"available","quantity":215},"2021-05-29":{"status":"available","quantity":215}},"isMealPlan":false},"5fb7166269835b000efbd3ff":{"id":"5fb7166269835b000efbd3ff","name":"Tree-Free Bathroom Tissue","photoUrl":"https://goodeggs4.imgix.net/cf6c5c3d-835d-4569-937c-9b3823c3a9c7.jpg?w=380&h=238&fm=jpg&auto=compress&fit=crop","url":"/sfbay/thecheekypanda/tree-free-bathroom-tissue/5fb7166269835b000efbd3ff","promotionalProductType":"none","isDeliveryRestricted":false,"orderTypes":["single"],"retailUnits":"4 count","retailPrice":499,"quantityOptions":[{"quantitySubscriptionDiscount":0,"quantity":1},{"quantitySubscriptionDiscount":0,"quantity":2}],"quantityDetails":"4 pack. Limited to 2 per order.","comparisonUnitPrice":null,"comparisonUnitName":null,"maxQuantity":2,"scheduleEntries":[],"vendor":{"city":"London, England ","name":"The Cheeky Panda","shortDescription":"The Cheeky Panda makes ultra sustainable bamboo products. ","slug":"thecheekypanda","thumbnailUrl":"https://goodeggs4.imgix.net/3e9e91d0-2ac7-11eb-b821-8bf55672a2ef?w=560&h=350&fm=jpg&q=41&fit=crop&crop=faces","url":"/thecheekypanda"},"currentProducer":{"city":"London, England ","name":"The Cheeky Panda","shortDescription":"The Cheeky Panda makes ultra sustainable bamboo products. ","slug":"thecheekypanda","thumbnailUrl":"https://goodeggs4.imgix.net/3e9e91d0-2ac7-11eb-b821-8bf55672a2ef?w=560&h=350&fm=jpg&q=41&fit=crop&crop=faces","url":"/thecheekypanda"},"otherProducers":[],"productType":"Toilet Paper","canSubscribe":false,"availabilitiesByDay":{"2021-05-24":{"status":"available","quantity":584},"2021-05-25":{"status":"available","quantity":584},"2021-05-26":{"status":"available","quantity":584},"2021-05-27":{"status":"available","quantity":584},"2021-05-28":{"status":"available","quantity":584},"2021-05-29":{"status":"available","quantity":584}},"isMealPlan":false},"59b6ff7a45ac2c000b303bdb":{"id":"59b6ff7a45ac2c000b303bdb","name":"Tall Kitchen Compostable Bags","photoUrl":"https://goodeggs4.imgix.net/bcd9178f-d479-44a4-8484-e4e3854bab02.jpg?w=380&h=238&fm=jpg&auto=compress&fit=crop","url":"/sfbay/ecosafesfbay/tall-kitchen-compostable-bags/59b6ff7a45ac2c000b303bdb","promotionalProductType":"none","isDeliveryRestricted":false,"orderTypes":["single"],"retailUnits":"12 count","retailPrice":499,"quantityOptions":[{"quantitySubscriptionDiscount":0,"quantity":1},{"quantitySubscriptionDiscount":0,"quantity":2},{"quantitySubscriptionDiscount":0,"quantity":3},{"quantitySubscriptionDiscount":0,"quantity":4},{"quantitySubscriptionDiscount":0,"quantity":5},{"quantitySubscriptionDiscount":0,"quantity":6},{"quantitySubscriptionDiscount":0,"quantity":7},{"quantitySubscriptionDiscount":0,"quantity":8},{"quantitySubscriptionDiscount":0,"quantity":9},{"quantitySubscriptionDiscount":0,"quantity":10}],"quantityDetails":"12 compostable bags, 13 gallon / 49 liter capacity","comparisonUnitPrice":null,"comparisonUnitName":null,"maxQuantity":10,"scheduleEntries":[],"vendor":{"city":"Surrey, BC","name":"EcoSafe Zero Waste","shortDescription":"EcoSafe is dedicated to helping their community implement best-in-class composting practices, working towards a zero-waste future both at home and in the workplace.","slug":"ecosafesfbay","thumbnailUrl":"https://goodeggs4.imgix.net/MzgE6ii4REOSjnw20S4T_Screen Shot 2017-09-11 at 2.06.37 PM.png?w=560&h=350&fm=jpg&q=41&fit=crop&crop=faces","url":"/ecosafesfbay"},"currentProducer":{"city":"Surrey, BC","name":"EcoSafe Zero Waste","shortDescription":"EcoSafe is dedicated to helping their community implement best-in-class composting practices, working towards a zero-waste future both at home and in the workplace.","slug":"ecosafesfbay","thumbnailUrl":"https://goodeggs4.imgix.net/MzgE6ii4REOSjnw20S4T_Screen Shot 2017-09-11 at 2.06.37 PM.png?w=560&h=350&fm=jpg&q=41&fit=crop&crop=faces","url":"/ecosafesfbay"},"otherProducers":[],"productType":"Compostable Bags","canSubscribe":false,"availabilitiesByDay":{"2021-05-24":{"status":"available","quantity":1796},"2021-05-25":{"status":"available","quantity":1796},"2021-05-26":{"status":"available","quantity":1796},"2021-05-27":{"status":"available","quantity":1796},"2021-05-28":{"status":"available","quantity":1796},"2021-05-29":{"status":"available","quantity":1796}},"isMealPlan":false},"59b6ff1945ac2c000b303bd0":{"id":"59b6ff1945ac2c000b303bd0","name":"Mini Kitchen Compostable Bags","photoUrl":"https://goodeggs4.imgix.net/f338654d-4676-4632-b176-45b9d760d2ab.jpg?w=380&h=238&fm=jpg&auto=compress&fit=crop","url":"/sfbay/ecosafesfbay/mini-kitchen-compostable-bags/59b6ff1945ac2c000b303bd0","promotionalProductType":"none","isDeliveryRestricted":false,"orderTypes":["single"],"retailUnits":"30 count","retailPrice":499,"quantityOptions":[{"quantitySubscriptionDiscount":0,"quantity":1},{"quantitySubscriptionDiscount":0,"quantity":2},{"quantitySubscriptionDiscount":0,"quantity":3},{"quantitySubscriptionDiscount":0,"quantity":4},{"quantitySubscriptionDiscount":0,"quantity":5},{"quantitySubscriptionDiscount":0,"quantity":6},{"quantitySubscriptionDiscount":0,"quantity":7},{"quantitySubscriptionDiscount":0,"quantity":8},{"quantitySubscriptionDiscount":0,"quantity":9},{"quantitySubscriptionDiscount":0,"quantity":10}],"quantityDetails":"30 compostable bags, 2.5 gallon / 9.46 liter capacity","comparisonUnitPrice":null,"comparisonUnitName":null,"maxQuantity":10,"scheduleEntries":[],"vendor":{"city":"Surrey, BC","name":"EcoSafe Zero Waste","shortDescription":"EcoSafe is dedicated to helping their community implement best-in-class composting practices, working towards a zero-waste future both at home and in the workplace.","slug":"ecosafesfbay","thumbnailUrl":"https://goodeggs4.imgix.net/MzgE6ii4REOSjnw20S4T_Screen Shot 2017-09-11 at 2.06.37 PM.png?w=560&h=350&fm=jpg&q=41&fit=crop&crop=faces","url":"/ecosafesfbay"},"currentProducer":{"city":"Surrey, BC","name":"EcoSafe Zero Waste","shortDescription":"EcoSafe is dedicated to helping their community implement best-in-class composting practices, working towards a zero-waste future both at home and in the workplace.","slug":"ecosafesfbay","thumbnailUrl":"https://goodeggs4.imgix.net/MzgE6ii4REOSjnw20S4T_Screen Shot 2017-09-11 at 2.06.37 PM.png?w=560&h=350&fm=jpg&q=41&fit=crop&crop=faces","url":"/ecosafesfbay"},"otherProducers":[],"productType":"Compostable Bags","canSubscribe":false,"availabilitiesByDay":{"2021-05-24":{"status":"available","quantity":984},"2021-05-25":{"status":"available","quantity":984},"2021-05-26":{"status":"available","quantity":984},"2021-05-27":{"status":"available","quantity":984},"2021-05-28":{"status":"available","quantity":984},"2021-05-29":{"status":"available","quantity":984}},"isMealPlan":false},"59b701be9e4087000b8cee44":{"id":"59b701be9e4087000b8cee44","name":"Bulk Mini Kitchen Compostable Bags","photoUrl":"https://goodeggs4.imgix.net/5e989fac-a4d9-4ca4-b1f3-724b31c0dedd.jpg?w=380&h=238&fm=jpg&auto=compress&fit=crop","url":"/sfbay/ecosafesfbay/bulk-mini-kitchen-compostable-bags/59b701be9e4087000b8cee44","promotionalProductType":"none","isDeliveryRestricted":false,"orderTypes":["single"],"retailUnits":"90 count","retailPrice":1299,"quantityOptions":[{"quantitySubscriptionDiscount":0,"quantity":1},{"quantitySubscriptionDiscount":0,"quantity":2},{"quantitySubscriptionDiscount":0,"quantity":3},{"quantitySubscriptionDiscount":0,"quantity":4},{"quantitySubscriptionDiscount":0,"quantity":5},{"quantitySubscriptionDiscount":0,"quantity":6},{"quantitySubscriptionDiscount":0,"quantity":7},{"quantitySubscriptionDiscount":0,"quantity":8},{"quantitySubscriptionDiscount":0,"quantity":9},{"quantitySubscriptionDiscount":0,"quantity":10}],"quantityDetails":"90 compostable bags, 2.5 gallon / 9.46 liter capacity","comparisonUnitPrice":null,"comparisonUnitName":null,"maxQuantity":10,"scheduleEntries":[],"vendor":{"city":"Surrey, BC","name":"EcoSafe Zero Waste","shortDescription":"EcoSafe is dedicated to helping their community implement best-in-class composting practices, working towards a zero-waste future both at home and in the workplace.","slug":"ecosafesfbay","thumbnailUrl":"https://goodeggs4.imgix.net/MzgE6ii4REOSjnw20S4T_Screen Shot 2017-09-11 at 2.06.37 PM.png?w=560&h=350&fm=jpg&q=41&fit=crop&crop=faces","url":"/ecosafesfbay"},"currentProducer":{"city":"Surrey, BC","name":"EcoSafe Zero Waste","shortDescription":"EcoSafe is dedicated to helping their community implement best-in-class composting practices, working towards a zero-waste future both at home and in the workplace.","slug":"ecosafesfbay","thumbnailUrl":"https://goodeggs4.imgix.net/MzgE6ii4REOSjnw20S4T_Screen Shot 2017-09-11 at 2.06.37 PM.png?w=560&h=350&fm=jpg&q=41&fit=crop&crop=faces","url":"/ecosafesfbay"},"otherProducers":[],"productType":"Compostable Bags","canSubscribe":false,"availabilitiesByDay":{"2021-05-24":{"status":"available","quantity":451},"2021-05-25":{"status":"available","quantity":451},"2021-05-26":{"status":"available","quantity":451},"2021-05-27":{"status":"available","quantity":451},"2021-05-28":{"status":"available","quantity":451},"2021-05-29":{"status":"available","quantity":451}},"isMealPlan":false},"5c45fe8dd1ecc5000fbea7f3":{"id":"5c45fe8dd1ecc5000fbea7f3","name":"Tall Kitchen Trash Bags","photoUrl":"https://goodeggs4.imgix.net/83cf0b82-5852-4d27-9efb-9347b12fad88.jpg?w=380&h=238&fm=jpg&auto=compress&fit=crop","url":"/sfbay/seventhgenerationsfbay/tall-kitchen-trash-bags/5c45fe8dd1ecc5000fbea7f3","promotionalProductType":"none","isDeliveryRestricted":false,"orderTypes":["single"],"retailUnits":"20 count","retailPrice":599,"quantityOptions":[{"quantitySubscriptionDiscount":0,"quantity":1},{"quantitySubscriptionDiscount":0,"quantity":2},{"quantitySubscriptionDiscount":0,"quantity":3},{"quantitySubscriptionDiscount":0,"quantity":4},{"quantitySubscriptionDiscount":0,"quantity":5},{"quantitySubscriptionDiscount":0,"quantity":6},{"quantitySubscriptionDiscount":0,"quantity":7},{"quantitySubscriptionDiscount":0,"quantity":8},{"quantitySubscriptionDiscount":0,"quantity":9},{"quantitySubscriptionDiscount":0,"quantity":10}],"quantityDetails":null,"comparisonUnitPrice":null,"comparisonUnitName":null,"maxQuantity":10,"scheduleEntries":[],"vendor":{"city":"Burlington, VT","name":"Seventh Generation","shortDescription":"Seventh Generation is a B Corporation based in Vermont, dedicated to nurturing the health of future generations while creating plant-based solutions for your home and family.","slug":"seventhgenerationsfbay","thumbnailUrl":"https://goodeggs4.imgix.net/de0b1845-9fd2-44af-9068-8e9b171cb94c.jpg?w=560&h=350&fm=jpg&q=41&fit=crop&crop=faces","url":"/seventhgenerationsfbay"},"currentProducer":{"city":"Burlington, VT","name":"Seventh Generation","shortDescription":"Seventh Generation is a B Corporation based in Vermont, dedicated to nurturing the health of future generations while creating plant-based solutions for your home and family.","slug":"seventhgenerationsfbay","thumbnailUrl":"https://goodeggs4.imgix.net/de0b1845-9fd2-44af-9068-8e9b171cb94c.jpg?w=560&h=350&fm=jpg&q=41&fit=crop&crop=faces","url":"/seventhgenerationsfbay"},"otherProducers":[],"productType":"Housewares","canSubscribe":false,"availabilitiesByDay":{"2021-05-24":{"status":"available","quantity":274},"2021-05-25":{"status":"available","quantity":274},"2021-05-26":{"status":"available","quantity":274},"2021-05-27":{"status":"available","quantity":274},"2021-05-28":{"status":"available","quantity":274},"2021-05-29":{"status":"available","quantity":274}},"isMealPlan":false},"598a443195ebf2000bc2f64e":{"id":"598a443195ebf2000bc2f64e","name":"Ultra-Thin Pads","photoUrl":"https://goodeggs4.imgix.net/29933e90-3065-47b0-a281-9cb5184b6471.jpg?w=380&h=238&fm=jpg&auto=compress&fit=crop","url":"/sfbay/seventhgenerationsfbay/ultra-thin-pads/598a443195ebf2000bc2f64e","promotionalProductType":"none","isDeliveryRestricted":false,"orderTypes":["single"],"retailUnits":"18 count","retailPrice":499,"quantityOptions":[{"quantitySubscriptionDiscount":0,"quantity":1},{"quantitySubscriptionDiscount":0,"quantity":2},{"quantitySubscriptionDiscount":0,"quantity":3},{"quantitySubscriptionDiscount":0,"quantity":4},{"quantitySubscriptionDiscount":0,"quantity":5},{"quantitySubscriptionDiscount":0,"quantity":6},{"quantitySubscriptionDiscount":0,"quantity":7},{"quantitySubscriptionDiscount":0,"quantity":8},{"quantitySubscriptionDiscount":0,"quantity":9},{"quantitySubscriptionDiscount":0,"quantity":10}],"quantityDetails":"18 individually wrapped pads","comparisonUnitPrice":null,"comparisonUnitName":null,"maxQuantity":10,"scheduleEntries":[],"vendor":{"city":"Burlington, VT","name":"Seventh Generation","shortDescription":"Seventh Generation is a B Corporation based in Vermont, dedicated to nurturing the health of future generations while creating plant-based solutions for your home and family.","slug":"seventhgenerationsfbay","thumbnailUrl":"https://goodeggs4.imgix.net/de0b1845-9fd2-44af-9068-8e9b171cb94c.jpg?w=560&h=350&fm=jpg&q=41&fit=crop&crop=faces","url":"/seventhgenerationsfbay"},"currentProducer":{"city":"Burlington, VT","name":"Seventh Generation","shortDescription":"Seventh Generation is a B Corporation based in Vermont, dedicated to nurturing the health of future generations while creating plant-based solutions for your home and family.","slug":"seventhgenerationsfbay","thumbnailUrl":"https://goodeggs4.imgix.net/de0b1845-9fd2-44af-9068-8e9b171cb94c.jpg?w=560&h=350&fm=jpg&q=41&fit=crop&crop=faces","url":"/seventhgenerationsfbay"},"otherProducers":[],"productType":"Pads","canSubscribe":false,"availabilitiesByDay":{"2021-05-24":{"status":"available","quantity":261},"2021-05-25":{"status":"available","quantity":261},"2021-05-26":{"status":"available","quantity":261},"2021-05-27":{"status":"available","quantity":261},"2021-05-28":{"status":"available","quantity":261},"2021-05-29":{"status":"available","quantity":261}},"isMealPlan":false},"598a430b95ebf2000bc2f649":{"id":"598a430b95ebf2000bc2f649","name":"Pantiliners","photoUrl":"https://goodeggs4.imgix.net/dac8e5b6-ae64-4d67-9748-3a953fab884e.jpg?w=380&h=238&fm=jpg&auto=compress&fit=crop","url":"/sfbay/seventhgenerationsfbay/pantiliners/598a430b95ebf2000bc2f649","promotionalProductType":"none","isDeliveryRestricted":false,"orderTypes":["single"],"retailUnits":"50 count","retailPrice":499,"quantityOptions":[{"quantitySubscriptionDiscount":0,"quantity":1},{"quantitySubscriptionDiscount":0,"quantity":2},{"quantitySubscriptionDiscount":0,"quantity":3},{"quantitySubscriptionDiscount":0,"quantity":4},{"quantitySubscriptionDiscount":0,"quantity":5},{"quantitySubscriptionDiscount":0,"quantity":6},{"quantitySubscriptionDiscount":0,"quantity":7},{"quantitySubscriptionDiscount":0,"quantity":8},{"quantitySubscriptionDiscount":0,"quantity":9},{"quantitySubscriptionDiscount":0,"quantity":10}],"quantityDetails":"50 pantiliners","comparisonUnitPrice":null,"comparisonUnitName":null,"maxQuantity":10,"scheduleEntries":[],"vendor":{"city":"Burlington, VT","name":"Seventh Generation","shortDescription":"Seventh Generation is a B Corporation based in Vermont, dedicated to nurturing the health of future generations while creating plant-based solutions for your home and family.","slug":"seventhgenerationsfbay","thumbnailUrl":"https://goodeggs4.imgix.net/de0b1845-9fd2-44af-9068-8e9b171cb94c.jpg?w=560&h=350&fm=jpg&q=41&fit=crop&crop=faces","url":"/seventhgenerationsfbay"},"currentProducer":{"city":"Burlington, VT","name":"Seventh Generation","shortDescription":"Seventh Generation is a B Corporation based in Vermont, dedicated to nurturing the health of future generations while creating plant-based solutions for your home and family.","slug":"seventhgenerationsfbay","thumbnailUrl":"https://goodeggs4.imgix.net/de0b1845-9fd2-44af-9068-8e9b171cb94c.jpg?w=560&h=350&fm=jpg&q=41&fit=crop&crop=faces","url":"/seventhgenerationsfbay"},"otherProducers":[],"productType":"Pads","canSubscribe":false,"availabilitiesByDay":{"2021-05-24":{"status":"available","quantity":74},"2021-05-25":{"status":"available","quantity":74},"2021-05-26":{"status":"available","quantity":74},"2021-05-27":{"status":"available","quantity":74},"2021-05-28":{"status":"available","quantity":74},"2021-05-29":{"status":"available","quantity":74}},"isMealPlan":false},"5b35bdf9ee41d0000f529d54":{"id":"5b35bdf9ee41d0000f529d54","name":"Case of Chocolate Peanut Butter Builder's Bars","photoUrl":"https://goodeggs4.imgix.net/7db2f452-582b-471d-8fa4-1cf18f594f75.jpg?w=380&h=238&fm=jpg&auto=compress&fit=crop","url":"/sfbay/clifbarsfbay/case-of-chocolate-peanut-butter-builders-bars/5b35bdf9ee41d0000f529d54","promotionalProductType":"none","isDeliveryRestricted":false,"orderTypes":["single"],"retailUnits":"6 count","retailPrice":1149,"quantityOptions":[{"quantitySubscriptionDiscount":0,"quantity":1},{"quantitySubscriptionDiscount":0,"quantity":2},{"quantitySubscriptionDiscount":0,"quantity":3},{"quantitySubscriptionDiscount":0,"quantity":4},{"quantitySubscriptionDiscount":0,"quantity":5},{"quantitySubscriptionDiscount":0,"quantity":6},{"quantitySubscriptionDiscount":0,"quantity":7},{"quantitySubscriptionDiscount":0,"quantity":8},{"quantitySubscriptionDiscount":0,"quantity":9},{"quantitySubscriptionDiscount":0,"quantity":10},{"quantitySubscriptionDiscount":0,"quantity":11},{"quantitySubscriptionDiscount":0,"quantity":12}],"quantityDetails":"6 pack of individually wrapped energy bars","comparisonUnitPrice":79,"comparisonUnitName":"oz","maxQuantity":12,"scheduleEntries":[],"vendor":{"city":"Emeryville, CA","name":"Clif Bar","shortDescription":"Clif Bar & Company strives to be a good neighbor by focusing on positive economic, environmental and social impacts of our company operations. They are on a journey toward long-term sustainability and an ethical, transparent supply chain.","slug":"clifbarsfbay","thumbnailUrl":"https://goodeggs4.imgix.net/jw9wyiMyQ1GzZMwEC1qZ_gary.jpg?w=560&h=350&fm=jpg&q=41&fit=crop&crop=faces","url":"/clifbarsfbay"},"currentProducer":{"city":"Emeryville, CA","name":"Clif Bar","shortDescription":"Clif Bar & Company strives to be a good neighbor by focusing on positive economic, environmental and social impacts of our company operations. They are on a journey toward long-term sustainability and an ethical, transparent supply chain.","slug":"clifbarsfbay","thumbnailUrl":"https://goodeggs4.imgix.net/jw9wyiMyQ1GzZMwEC1qZ_gary.jpg?w=560&h=350&fm=jpg&q=41&fit=crop&crop=faces","url":"/clifbarsfbay"},"otherProducers":[],"productType":"Energy Bar","canSubscribe":false,"availabilitiesByDay":{"2021-05-24":{"status":"available","quantity":39},"2021-05-25":{"status":"available","quantity":39},"2021-05-26":{"status":"available","quantity":39},"2021-05-27":{"status":"available","quantity":39},"2021-05-28":{"status":"available","quantity":39},"2021-05-29":{"status":"available","quantity":39}},"isMealPlan":false},"5ab2ebaaadda67000ce03bcd":{"id":"5ab2ebaaadda67000ce03bcd","name":"Chocolate Peanut Butter Builder's Bar","photoUrl":"https://goodeggs4.imgix.net/495e4414-0ee5-4091-bfc4-504744cb20ee.jpg?w=380&h=238&fm=jpg&auto=compress&fit=crop","url":"/sfbay/clifbarsfbay/chocolate-peanut-butter-builders-bar/5ab2ebaaadda67000ce03bcd","promotionalProductType":"none","isDeliveryRestricted":false,"orderTypes":["single"],"retailUnits":"2.4 oz","retailPrice":229,"quantityOptions":[{"quantitySubscriptionDiscount":0,"quantity":1},{"quantitySubscriptionDiscount":0,"quantity":2},{"quantitySubscriptionDiscount":0,"quantity":3},{"quantitySubscriptionDiscount":0,"quantity":4},{"quantitySubscriptionDiscount":0,"quantity":5},{"quantitySubscriptionDiscount":0,"quantity":6},{"quantitySubscriptionDiscount":0,"quantity":7},{"quantitySubscriptionDiscount":0,"quantity":8},{"quantitySubscriptionDiscount":0,"quantity":9},{"quantitySubscriptionDiscount":0,"quantity":10},{"quantitySubscriptionDiscount":0,"quantity":11},{"quantitySubscriptionDiscount":0,"quantity":12}],"quantityDetails":"Single individually wrapped energy bar","comparisonUnitPrice":95,"comparisonUnitName":"oz","maxQuantity":12,"scheduleEntries":[],"vendor":{"city":"Emeryville, CA","name":"Clif Bar","shortDescription":"Clif Bar & Company strives to be a good neighbor by focusing on positive economic, environmental and social impacts of our company operations. They are on a journey toward long-term sustainability and an ethical, transparent supply chain.","slug":"clifbarsfbay","thumbnailUrl":"https://goodeggs4.imgix.net/jw9wyiMyQ1GzZMwEC1qZ_gary.jpg?w=560&h=350&fm=jpg&q=41&fit=crop&crop=faces","url":"/clifbarsfbay"},"currentProducer":{"city":"Emeryville, CA","name":"Clif Bar","shortDescription":"Clif Bar & Company strives to be a good neighbor by focusing on positive economic, environmental and social impacts of our company operations. They are on a journey toward long-term sustainability and an ethical, transparent supply chain.","slug":"clifbarsfbay","thumbnailUrl":"https://goodeggs4.imgix.net/jw9wyiMyQ1GzZMwEC1qZ_gary.jpg?w=560&h=350&fm=jpg&q=41&fit=crop&crop=faces","url":"/clifbarsfbay"},"otherProducers":[],"productType":"Energy Bar","canSubscribe":false,"availabilitiesByDay":{"2021-05-24":{"status":"available","quantity":97},"2021-05-25":{"status":"available","quantity":97},"2021-05-26":{"status":"available","quantity":97},"2021-05-27":{"status":"available","quantity":97},"2021-05-28":{"status":"available","quantity":97},"2021-05-29":{"status":"available","quantity":97}},"isMealPlan":false},"5eacabd42df849000e68ec32":{"id":"5eacabd42df849000e68ec32","name":"Chocolate Mint Protein Bar","photoUrl":"https://goodeggs4.imgix.net/7e2b19f7-987c-47c0-9f7e-6d65aa2ee3ec.jpg?w=380&h=238&fm=jpg&auto=compress&fit=crop","url":"/sfbay/aloha/chocolate-mint-protein-bar/5eacabd42df849000e68ec32","promotionalProductType":"none","isDeliveryRestricted":false,"orderTypes":["single"],"retailUnits":"1 count","retailPrice":279,"quantityOptions":[{"quantitySubscriptionDiscount":0,"quantity":1},{"quantitySubscriptionDiscount":0,"quantity":2},{"quantitySubscriptionDiscount":0,"quantity":3},{"quantitySubscriptionDiscount":0,"quantity":4},{"quantitySubscriptionDiscount":0,"quantity":5},{"quantitySubscriptionDiscount":0,"quantity":6},{"quantitySubscriptionDiscount":0,"quantity":7},{"quantitySubscriptionDiscount":0,"quantity":8},{"quantitySubscriptionDiscount":0,"quantity":9},{"quantitySubscriptionDiscount":0,"quantity":10}],"quantityDetails":"1 bar, 1.98 oz","comparisonUnitPrice":null,"comparisonUnitName":null,"maxQuantity":10,"scheduleEntries":[],"vendor":{"city":"Darien, CT","name":"Aloha ","shortDescription":"ALOHA is an independent plant-based protein company on a mission to support you living well.  They cut out the fads, diets, and myths of the wellness industry and have grounded themselves in the basics \u2014 simple, quality ingredients that taste as good as they are good for you. ","slug":"aloha","thumbnailUrl":"https://goodeggs4.imgix.net/98c941c0-8bfb-11ea-9696-97b766d5dcfa?w=560&h=350&fm=jpg&q=41&fit=crop&crop=faces","url":"/aloha"},"currentProducer":{"city":"Darien, CT","name":"Aloha ","shortDescription":"ALOHA is an independent plant-based protein company on a mission to support you living well.  They cut out the fads, diets, and myths of the wellness industry and have grounded themselves in the basics \u2014 simple, quality ingredients that taste as good as they are good for you. ","slug":"aloha","thumbnailUrl":"https://goodeggs4.imgix.net/98c941c0-8bfb-11ea-9696-97b766d5dcfa?w=560&h=350&fm=jpg&q=41&fit=crop&crop=faces","url":"/aloha"},"otherProducers":[],"productType":"Plant Based Protein Bar","canSubscribe":false,"availabilitiesByDay":{"2021-05-24":{"status":"available","quantity":92},"2021-05-25":{"status":"available","quantity":92},"2021-05-26":{"status":"available","quantity":92},"2021-05-27":{"status":"available","quantity":92},"2021-05-28":{"status":"available","quantity":92},"2021-05-29":{"status":"available","quantity":92}},"isMealPlan":false},"5eacac02ed6043000e7a90e2":{"id":"5eacac02ed6043000e7a90e2","name":"Chocolate Chip Cookie Dough Protein Bar","photoUrl":"https://goodeggs4.imgix.net/a639396c-8d0b-496f-98ec-704f20c4347b.jpg?w=380&h=238&fm=jpg&auto=compress&fit=crop","url":"/sfbay/aloha/chocolate-chip-cookie-dough-protein-bar/5eacac02ed6043000e7a90e2","promotionalProductType":"none","isDeliveryRestricted":false,"orderTypes":["single"],"retailUnits":"1 count","retailPrice":279,"quantityOptions":[{"quantitySubscriptionDiscount":0,"quantity":1},{"quantitySubscriptionDiscount":0,"quantity":2},{"quantitySubscriptionDiscount":0,"quantity":3},{"quantitySubscriptionDiscount":0,"quantity":4},{"quantitySubscriptionDiscount":0,"quantity":5},{"quantitySubscriptionDiscount":0,"quantity":6},{"quantitySubscriptionDiscount":0,"quantity":7},{"quantitySubscriptionDiscount":0,"quantity":8},{"quantitySubscriptionDiscount":0,"quantity":9},{"quantitySubscriptionDiscount":0,"quantity":10}],"quantityDetails":"1 bar, 1.98 oz","comparisonUnitPrice":null,"comparisonUnitName":null,"maxQuantity":10,"scheduleEntries":[],"vendor":{"city":"Darien, CT","name":"Aloha ","shortDescription":"ALOHA is an independent plant-based protein company on a mission to support you living well.  They cut out the fads, diets, and myths of the wellness industry and have grounded themselves in the basics \u2014 simple, quality ingredients that taste as good as they are good for you. ","slug":"aloha","thumbnailUrl":"https://goodeggs4.imgix.net/98c941c0-8bfb-11ea-9696-97b766d5dcfa?w=560&h=350&fm=jpg&q=41&fit=crop&crop=faces","url":"/aloha"},"currentProducer":{"city":"Darien, CT","name":"Aloha ","shortDescription":"ALOHA is an independent plant-based protein company on a mission to support you living well.  They cut out the fads, diets, and myths of the wellness industry and have grounded themselves in the basics \u2014 simple, quality ingredients that taste as good as they are good for you. ","slug":"aloha","thumbnailUrl":"https://goodeggs4.imgix.net/98c941c0-8bfb-11ea-9696-97b766d5dcfa?w=560&h=350&fm=jpg&q=41&fit=crop&crop=faces","url":"/aloha"},"otherProducers":[],"productType":"Plant Based Protein Bar","canSubscribe":false,"availabilitiesByDay":{"2021-05-24":{"status":"available","quantity":90},"2021-05-25":{"status":"available","quantity":90},"2021-05-26":{"status":"available","quantity":90},"2021-05-27":{"status":"available","quantity":90},"2021-05-28":{"status":"available","quantity":90},"2021-05-29":{"status":"available","quantity":90}},"isMealPlan":false},"5eacab382df849000e68ec19":{"id":"5eacab382df849000e68ec19","name":"Peanut Butter Chocolate Chip Protein Bar","photoUrl":"https://goodeggs4.imgix.net/bf064504-5b4e-4c9e-912a-5b41bbbbd349.jpg?w=380&h=238&fm=jpg&auto=compress&fit=crop","url":"/sfbay/aloha/peanut-butter-chocolate-chip-protein-bar/5eacab382df849000e68ec19","promotionalProductType":"none","isDeliveryRestricted":false,"orderTypes":["single"],"retailUnits":"1 count","retailPrice":279,"quantityOptions":[{"quantitySubscriptionDiscount":0,"quantity":1},{"quantitySubscriptionDiscount":0,"quantity":2},{"quantitySubscriptionDiscount":0,"quantity":3},{"quantitySubscriptionDiscount":0,"quantity":4},{"quantitySubscriptionDiscount":0,"quantity":5},{"quantitySubscriptionDiscount":0,"quantity":6},{"quantitySubscriptionDiscount":0,"quantity":7},{"quantitySubscriptionDiscount":0,"quantity":8},{"quantitySubscriptionDiscount":0,"quantity":9},{"quantitySubscriptionDiscount":0,"quantity":10}],"quantityDetails":"1 bar, 1.98 oz","comparisonUnitPrice":null,"comparisonUnitName":null,"maxQuantity":10,"scheduleEntries":[],"vendor":{"city":"Darien, CT","name":"Aloha ","shortDescription":"ALOHA is an independent plant-based protein company on a mission to support you living well.  They cut out the fads, diets, and myths of the wellness industry and have grounded themselves in the basics \u2014 simple, quality ingredients that taste as good as they are good for you. ","slug":"aloha","thumbnailUrl":"https://goodeggs4.imgix.net/98c941c0-8bfb-11ea-9696-97b766d5dcfa?w=560&h=350&fm=jpg&q=41&fit=crop&crop=faces","url":"/aloha"},"currentProducer":{"city":"Darien, CT","name":"Aloha ","shortDescription":"ALOHA is an independent plant-based protein company on a mission to support you living well.  They cut out the fads, diets, and myths of the wellness industry and have grounded themselves in the basics \u2014 simple, quality ingredients that taste as good as they are good for you. ","slug":"aloha","thumbnailUrl":"https://goodeggs4.imgix.net/98c941c0-8bfb-11ea-9696-97b766d5dcfa?w=560&h=350&fm=jpg&q=41&fit=crop&crop=faces","url":"/aloha"},"otherProducers":[],"productType":"Plant Based Protein Bar","canSubscribe":false,"availabilitiesByDay":{"2021-05-24":{"status":"available","quantity":115},"2021-05-25":{"status":"available","quantity":115},"2021-05-26":{"status":"available","quantity":115},"2021-05-27":{"status":"available","quantity":115},"2021-05-28":{"status":"available","quantity":115},"2021-05-29":{"status":"available","quantity":115}},"isMealPlan":false},"5876b8db55feea000a80d555":{"id":"5876b8db55feea000a80d555","name":"Case of Almond Butter Bars","photoUrl":"https://goodeggs4.imgix.net/8dd0dcf0-b413-43f6-a115-37001c6f13fd.jpg?w=380&h=238&fm=jpg&auto=compress&fit=crop","url":"/sfbay/perfectbarsfbay/case-of-almond-butter-bars/5876b8db55feea000a80d555","promotionalProductType":"none","isDeliveryRestricted":false,"orderTypes":["single"],"retailUnits":"8 count","retailPrice":2299,"quantityOptions":[{"quantitySubscriptionDiscount":0,"quantity":1},{"quantitySubscriptionDiscount":0,"quantity":2},{"quantitySubscriptionDiscount":0,"quantity":3},{"quantitySubscriptionDiscount":0,"quantity":4},{"quantitySubscriptionDiscount":0,"quantity":5},{"quantitySubscriptionDiscount":0,"quantity":6},{"quantitySubscriptionDiscount":0,"quantity":7},{"quantitySubscriptionDiscount":0,"quantity":8},{"quantitySubscriptionDiscount":0,"quantity":9},{"quantitySubscriptionDiscount":0,"quantity":10}],"quantityDetails":"8 count","comparisonUnitPrice":124,"comparisonUnitName":"oz","maxQuantity":10,"scheduleEntries":[],"vendor":{"city":"San Diego, CA","name":"Perfect Bar","shortDescription":"Committed to producing great tasting, quality food without compromises, Perfect Bars contain no preservatives, additives, salt, coatings, refined sugars or any other synthetic ingredients.","slug":"perfectbarsfbay","thumbnailUrl":"https://goodeggs4.imgix.net/BH7Y8e4UTNeGUtN50YC8_Screen Shot 2017-01-11 at 1.45.40 PM.png?w=560&h=350&fm=jpg&q=41&fit=crop&crop=faces","url":"/perfectbarsfbay"},"currentProducer":{"city":"San Diego, CA","name":"Perfect Bar","shortDescription":"Committed to producing great tasting, quality food without compromises, Perfect Bars contain no preservatives, additives, salt, coatings, refined sugars or any other synthetic ingredients.","slug":"perfectbarsfbay","thumbnailUrl":"https://goodeggs4.imgix.net/BH7Y8e4UTNeGUtN50YC8_Screen Shot 2017-01-11 at 1.45.40 PM.png?w=560&h=350&fm=jpg&q=41&fit=crop&crop=faces","url":"/perfectbarsfbay"},"otherProducers":[],"productType":"Plant Based Protein Bar","canSubscribe":false,"availabilitiesByDay":{"2021-05-24":{"status":"available","quantity":47},"2021-05-25":{"status":"available","quantity":47},"2021-05-26":{"status":"available","quantity":47},"2021-05-27":{"status":"available","quantity":47},"2021-05-28":{"status":"available","quantity":47},"2021-05-29":{"status":"available","quantity":47}},"isMealPlan":false},"574390a929bc1c03005f83a9":{"id":"574390a929bc1c03005f83a9","name":"Organic Black Chia Seeds","photoUrl":"https://goodeggs4.imgix.net/8814c846-77ac-4411-9a98-7c146d1461d4.jpg?w=380&h=238&fm=jpg&auto=compress&fit=crop","url":"/sfbay/edisongrainerysfbay/organic-black-chia-seeds/574390a929bc1c03005f83a9","promotionalProductType":"none","isDeliveryRestricted":false,"orderTypes":["single"],"retailUnits":"16 oz","retailPrice":799,"quantityOptions":[{"quantitySubscriptionDiscount":0,"quantity":1},{"quantitySubscriptionDiscount":0,"quantity":2},{"quantitySubscriptionDiscount":0,"quantity":3},{"quantitySubscriptionDiscount":0,"quantity":4},{"quantitySubscriptionDiscount":0,"quantity":5},{"quantitySubscriptionDiscount":0,"quantity":6},{"quantitySubscriptionDiscount":0,"quantity":7},{"quantitySubscriptionDiscount":0,"quantity":8},{"quantitySubscriptionDiscount":0,"quantity":9},{"quantitySubscriptionDiscount":0,"quantity":10}],"quantityDetails":"16 oz resealable bag","comparisonUnitPrice":799,"comparisonUnitName":"lb","maxQuantity":10,"scheduleEntries":[],"vendor":{"city":"Oakland, California","name":"Edison Grainery","shortDescription":"Our mission is to make organic and safe ingredients affordable and accessible for all. From superfoods to pantry staples, we import a variety of ingredients from around the world. With thirty years in the food industry, we've fostered excellent relationships with farmers and agricultural vendors.","slug":"edisongrainerysfbay","thumbnailUrl":"https://goodeggs4.imgix.net/dkcj95ETSHOsMdiXEwyQ_Edison Grainery photo-Lyndsy Barnes.png?w=560&h=350&fm=jpg&q=41&fit=crop&crop=faces","url":"/edisongrainerysfbay"},"currentProducer":{"city":"Oakland, California","name":"Edison Grainery","shortDescription":"Our mission is to make organic and safe ingredients affordable and accessible for all. From superfoods to pantry staples, we import a variety of ingredients from around the world. With thirty years in the food industry, we've fostered excellent relationships with farmers and agricultural vendors.","slug":"edisongrainerysfbay","thumbnailUrl":"https://goodeggs4.imgix.net/dkcj95ETSHOsMdiXEwyQ_Edison Grainery photo-Lyndsy Barnes.png?w=560&h=350&fm=jpg&q=41&fit=crop&crop=faces","url":"/edisongrainerysfbay"},"otherProducers":[],"productType":"Chia Seed","canSubscribe":false,"availabilitiesByDay":{"2021-05-24":{"status":"available","quantity":160},"2021-05-25":{"status":"available","quantity":160},"2021-05-26":{"status":"available","quantity":160},"2021-05-27":{"status":"available","quantity":160},"2021-05-28":{"status":"available","quantity":160},"2021-05-29":{"status":"available","quantity":160}},"isMealPlan":false},"5a46da667decb4000bd2bf2a":{"id":"5a46da667decb4000bd2bf2a","name":"Organic Chia Seeds","photoUrl":"https://goodeggs4.imgix.net/cf0f660d-cf2d-4146-a24c-bfd4dc0f8964.jpg?w=380&h=238&fm=jpg&auto=compress&fit=crop","url":"/sfbay/navitasorganicssfbay/organic-chia-seeds/5a46da667decb4000bd2bf2a","promotionalProductType":"none","isDeliveryRestricted":false,"orderTypes":["single"],"retailUnits":"8 oz","retailPrice":899,"quantityOptions":[{"quantitySubscriptionDiscount":0,"quantity":1},{"quantitySubscriptionDiscount":0,"quantity":2},{"quantitySubscriptionDiscount":0,"quantity":3},{"quantitySubscriptionDiscount":0,"quantity":4},{"quantitySubscriptionDiscount":0,"quantity":5},{"quantitySubscriptionDiscount":0,"quantity":6},{"quantitySubscriptionDiscount":0,"quantity":7},{"quantitySubscriptionDiscount":0,"quantity":8},{"quantitySubscriptionDiscount":0,"quantity":9},{"quantitySubscriptionDiscount":0,"quantity":10}],"quantityDetails":"8 oz","comparisonUnitPrice":1798,"comparisonUnitName":"lb","maxQuantity":10,"scheduleEntries":[],"vendor":{"city":"Novato, CA","name":"Navitas Organics","shortDescription":"Navitas creates super-simple, super-nutritious superfoods that give you the energy you need to live each day to the fullest.","slug":"navitasorganicssfbay","thumbnailUrl":"https://goodeggs4.imgix.net/Kse2xptYS3yIP93Qv8aQ_Team Photo.jpg?w=560&h=350&fm=jpg&q=41&fit=crop&crop=faces","url":"/navitasorganicssfbay"},"currentProducer":{"city":"Novato, CA","name":"Navitas Organics","shortDescription":"Navitas creates super-simple, super-nutritious superfoods that give you the energy you need to live each day to the fullest.","slug":"navitasorganicssfbay","thumbnailUrl":"https://goodeggs4.imgix.net/Kse2xptYS3yIP93Qv8aQ_Team Photo.jpg?w=560&h=350&fm=jpg&q=41&fit=crop&crop=faces","url":"/navitasorganicssfbay"},"otherProducers":[],"productType":"Chia Seed","canSubscribe":false,"availabilitiesByDay":{"2021-05-24":{"status":"available","quantity":225},"2021-05-25":{"status":"available","quantity":225},"2021-05-26":{"status":"available","quantity":225},"2021-05-27":{"status":"available","quantity":225},"2021-05-28":{"status":"available","quantity":225},"2021-05-29":{"status":"available","quantity":225}},"isMealPlan":false},"5a46d9787decb4000bd2bf24":{"id":"5a46d9787decb4000bd2bf24","name":"Organic Hemp Seeds","photoUrl":"https://goodeggs4.imgix.net/ad7e3ac8-1de0-4b36-987e-cf136b4513cd.jpg?w=380&h=238&fm=jpg&auto=compress&fit=crop","url":"/sfbay/navitasorganicssfbay/organic-hemp-seeds/5a46d9787decb4000bd2bf24","promotionalProductType":"none","isDeliveryRestricted":false,"orderTypes":["single"],"retailUnits":"8 oz","retailPrice":1499,"quantityOptions":[{"quantitySubscriptionDiscount":0,"quantity":1},{"quantitySubscriptionDiscount":0,"quantity":2},{"quantitySubscriptionDiscount":0,"quantity":3},{"quantitySubscriptionDiscount":0,"quantity":4},{"quantitySubscriptionDiscount":0,"quantity":5},{"quantitySubscriptionDiscount":0,"quantity":6},{"quantitySubscriptionDiscount":0,"quantity":7},{"quantitySubscriptionDiscount":0,"quantity":8},{"quantitySubscriptionDiscount":0,"quantity":9},{"quantitySubscriptionDiscount":0,"quantity":10}],"quantityDetails":"8 oz","comparisonUnitPrice":2998,"comparisonUnitName":"lb","maxQuantity":10,"scheduleEntries":[],"vendor":{"city":"Novato, CA","name":"Navitas Organics","shortDescription":"Navitas creates super-simple, super-nutritious superfoods that give you the energy you need to live each day to the fullest.","slug":"navitasorganicssfbay","thumbnailUrl":"https://goodeggs4.imgix.net/Kse2xptYS3yIP93Qv8aQ_Team Photo.jpg?w=560&h=350&fm=jpg&q=41&fit=crop&crop=faces","url":"/navitasorganicssfbay"},"currentProducer":{"city":"Novato, CA","name":"Navitas Organics","shortDescription":"Navitas creates super-simple, super-nutritious superfoods that give you the energy you need to live each day to the fullest.","slug":"navitasorganicssfbay","thumbnailUrl":"https://goodeggs4.imgix.net/Kse2xptYS3yIP93Qv8aQ_Team Photo.jpg?w=560&h=350&fm=jpg&q=41&fit=crop&crop=faces","url":"/navitasorganicssfbay"},"otherProducers":[],"productType":"Hemp Seeds","canSubscribe":false,"availabilitiesByDay":{"2021-05-24":{"status":"available","quantity":135},"2021-05-25":{"status":"available","quantity":135},"2021-05-26":{"status":"available","quantity":135},"2021-05-27":{"status":"available","quantity":135},"2021-05-28":{"status":"available","quantity":135},"2021-05-29":{"status":"available","quantity":135}},"isMealPlan":false},"5a46d53bb5af2e000b1fc2df":{"id":"5a46d53bb5af2e000b1fc2df","name":"Organic Cacao Nibs","photoUrl":"https://goodeggs4.imgix.net/38535df8-28d2-4e41-a219-04b91c6a9eab.jpg?w=380&h=238&fm=jpg&auto=compress&fit=crop","url":"/sfbay/navitasorganicssfbay/organic-cacao-nibs/5a46d53bb5af2e000b1fc2df","promotionalProductType":"none","isDeliveryRestricted":false,"orderTypes":["single"],"retailUnits":"8 oz","retailPrice":1099,"quantityOptions":[{"quantitySubscriptionDiscount":0,"quantity":1},{"quantitySubscriptionDiscount":0,"quantity":2},{"quantitySubscriptionDiscount":0,"quantity":3},{"quantitySubscriptionDiscount":0,"quantity":4},{"quantitySubscriptionDiscount":0,"quantity":5},{"quantitySubscriptionDiscount":0,"quantity":6},{"quantitySubscriptionDiscount":0,"quantity":7},{"quantitySubscriptionDiscount":0,"quantity":8},{"quantitySubscriptionDiscount":0,"quantity":9},{"quantitySubscriptionDiscount":0,"quantity":10}],"quantityDetails":"8 oz","comparisonUnitPrice":2198,"comparisonUnitName":"lb","maxQuantity":10,"scheduleEntries":[],"vendor":{"city":"Novato, CA","name":"Navitas Organics","shortDescription":"Navitas creates super-simple, super-nutritious superfoods that give you the energy you need to live each day to the fullest.","slug":"navitasorganicssfbay","thumbnailUrl":"https://goodeggs4.imgix.net/Kse2xptYS3yIP93Qv8aQ_Team Photo.jpg?w=560&h=350&fm=jpg&q=41&fit=crop&crop=faces","url":"/navitasorganicssfbay"},"currentProducer":{"city":"Novato, CA","name":"Navitas Organics","shortDescription":"Navitas creates super-simple, super-nutritious superfoods that give you the energy you need to live each day to the fullest.","slug":"navitasorganicssfbay","thumbnailUrl":"https://goodeggs4.imgix.net/Kse2xptYS3yIP93Qv8aQ_Team Photo.jpg?w=560&h=350&fm=jpg&q=41&fit=crop&crop=faces","url":"/navitasorganicssfbay"},"otherProducers":[],"productType":"Cacao Nibs","canSubscribe":false,"availabilitiesByDay":{"2021-05-24":{"status":"available","quantity":106},"2021-05-25":{"status":"available","quantity":106},"2021-05-26":{"status":"available","quantity":106},"2021-05-27":{"status":"available","quantity":106},"2021-05-28":{"status":"available","quantity":106},"2021-05-29":{"status":"available","quantity":106}},"isMealPlan":false},"5f19f378874d41000fe57427":{"id":"5f19f378874d41000fe57427","name":"Organic Matcha Powder","photoUrl":"https://goodeggs4.imgix.net/b8948f94-33c0-4411-9f09-00ed2549d144.jpg?w=380&h=238&fm=jpg&auto=compress&fit=crop","url":"/sfbay/navitasorganicssfbay/organic-matcha-powder/5f19f378874d41000fe57427","promotionalProductType":"none","isDeliveryRestricted":false,"orderTypes":["single"],"retailUnits":"3 oz","retailPrice":2099,"quantityOptions":[{"quantitySubscriptionDiscount":0,"quantity":1},{"quantitySubscriptionDiscount":0,"quantity":2},{"quantitySubscriptionDiscount":0,"quantity":3},{"quantitySubscriptionDiscount":0,"quantity":4},{"quantitySubscriptionDiscount":0,"quantity":5},{"quantitySubscriptionDiscount":0,"quantity":6},{"quantitySubscriptionDiscount":0,"quantity":7},{"quantitySubscriptionDiscount":0,"quantity":8},{"quantitySubscriptionDiscount":0,"quantity":9},{"quantitySubscriptionDiscount":0,"quantity":10}],"quantityDetails":"3 oz","comparisonUnitPrice":11194,"comparisonUnitName":"lb","maxQuantity":10,"scheduleEntries":[],"vendor":{"city":"Novato, CA","name":"Navitas Organics","shortDescription":"Navitas creates super-simple, super-nutritious superfoods that give you the energy you need to live each day to the fullest.","slug":"navitasorganicssfbay","thumbnailUrl":"https://goodeggs4.imgix.net/Kse2xptYS3yIP93Qv8aQ_Team Photo.jpg?w=560&h=350&fm=jpg&q=41&fit=crop&crop=faces","url":"/navitasorganicssfbay"},"currentProducer":{"city":"Novato, CA","name":"Navitas Organics","shortDescription":"Navitas creates super-simple, super-nutritious superfoods that give you the energy you need to live each day to the fullest.","slug":"navitasorganicssfbay","thumbnailUrl":"https://goodeggs4.imgix.net/Kse2xptYS3yIP93Qv8aQ_Team Photo.jpg?w=560&h=350&fm=jpg&q=41&fit=crop&crop=faces","url":"/navitasorganicssfbay"},"otherProducers":[],"productType":"Green Tea","canSubscribe":false,"availabilitiesByDay":{"2021-05-24":{"status":"available","quantity":22},"2021-05-25":{"status":"available","quantity":22},"2021-05-26":{"status":"available","quantity":22},"2021-05-27":{"status":"available","quantity":22},"2021-05-28":{"status":"available","quantity":22},"2021-05-29":{"status":"available","quantity":22}},"isMealPlan":false},"5a46dbd9b95322000b93be47":{"id":"5a46dbd9b95322000b93be47","name":"Organic Maca Powder","photoUrl":"https://goodeggs4.imgix.net/f5981afd-90c3-41c7-8a9a-519696fa7e49.jpg?w=380&h=238&fm=jpg&auto=compress&fit=crop","url":"/sfbay/navitasorganicssfbay/organic-maca-powder/5a46dbd9b95322000b93be47","promotionalProductType":"none","isDeliveryRestricted":false,"orderTypes":["single"],"retailUnits":"8 oz","retailPrice":1499,"quantityOptions":[{"quantitySubscriptionDiscount":0,"quantity":1},{"quantitySubscriptionDiscount":0,"quantity":2},{"quantitySubscriptionDiscount":0,"quantity":3},{"quantitySubscriptionDiscount":0,"quantity":4},{"quantitySubscriptionDiscount":0,"quantity":5},{"quantitySubscriptionDiscount":0,"quantity":6},{"quantitySubscriptionDiscount":0,"quantity":7},{"quantitySubscriptionDiscount":0,"quantity":8},{"quantitySubscriptionDiscount":0,"quantity":9},{"quantitySubscriptionDiscount":0,"quantity":10}],"quantityDetails":"8 oz","comparisonUnitPrice":2998,"comparisonUnitName":"lb","maxQuantity":10,"scheduleEntries":[],"vendor":{"city":"Novato, CA","name":"Navitas Organics","shortDescription":"Navitas creates super-simple, super-nutritious superfoods that give you the energy you need to live each day to the fullest.","slug":"navitasorganicssfbay","thumbnailUrl":"https://goodeggs4.imgix.net/Kse2xptYS3yIP93Qv8aQ_Team Photo.jpg?w=560&h=350&fm=jpg&q=41&fit=crop&crop=faces","url":"/navitasorganicssfbay"},"currentProducer":{"city":"Novato, CA","name":"Navitas Organics","shortDescription":"Navitas creates super-simple, super-nutritious superfoods that give you the energy you need to live each day to the fullest.","slug":"navitasorganicssfbay","thumbnailUrl":"https://goodeggs4.imgix.net/Kse2xptYS3yIP93Qv8aQ_Team Photo.jpg?w=560&h=350&fm=jpg&q=41&fit=crop&crop=faces","url":"/navitasorganicssfbay"},"otherProducers":[],"productType":"Superfood Powders","canSubscribe":false,"availabilitiesByDay":{"2021-05-24":{"status":"available","quantity":12},"2021-05-25":{"status":"available","quantity":12},"2021-05-26":{"status":"available","quantity":12},"2021-05-27":{"status":"available","quantity":12},"2021-05-28":{"status":"available","quantity":12},"2021-05-29":{"status":"available","quantity":12}},"isMealPlan":false},"5a469deedac127000bfccae0":{"id":"5a469deedac127000bfccae0","name":"Organic Acai Powder","photoUrl":"https://goodeggs4.imgix.net/ee025b72-3674-4fe7-802f-97d9204be5af.jpg?w=380&h=238&fm=jpg&auto=compress&fit=crop","url":"/sfbay/navitasorganicssfbay/organic-acai-powder/5a469deedac127000bfccae0","promotionalProductType":"none","isDeliveryRestricted":false,"orderTypes":["single"],"retailUnits":"4 oz","retailPrice":1999,"quantityOptions":[{"quantitySubscriptionDiscount":0,"quantity":1},{"quantitySubscriptionDiscount":0,"quantity":2},{"quantitySubscriptionDiscount":0,"quantity":3},{"quantitySubscriptionDiscount":0,"quantity":4},{"quantitySubscriptionDiscount":0,"quantity":5},{"quantitySubscriptionDiscount":0,"quantity":6},{"quantitySubscriptionDiscount":0,"quantity":7},{"quantitySubscriptionDiscount":0,"quantity":8},{"quantitySubscriptionDiscount":0,"quantity":9},{"quantitySubscriptionDiscount":0,"quantity":10}],"quantityDetails":"4 oz","comparisonUnitPrice":7996,"comparisonUnitName":"lb","maxQuantity":10,"scheduleEntries":[],"vendor":{"city":"Novato, CA","name":"Navitas Organics","shortDescription":"Navitas creates super-simple, super-nutritious superfoods that give you the energy you need to live each day to the fullest.","slug":"navitasorganicssfbay","thumbnailUrl":"https://goodeggs4.imgix.net/Kse2xptYS3yIP93Qv8aQ_Team Photo.jpg?w=560&h=350&fm=jpg&q=41&fit=crop&crop=faces","url":"/navitasorganicssfbay"},"currentProducer":{"city":"Novato, CA","name":"Navitas Organics","shortDescription":"Navitas creates super-simple, super-nutritious superfoods that give you the energy you need to live each day to the fullest.","slug":"navitasorganicssfbay","thumbnailUrl":"https://goodeggs4.imgix.net/Kse2xptYS3yIP93Qv8aQ_Team Photo.jpg?w=560&h=350&fm=jpg&q=41&fit=crop&crop=faces","url":"/navitasorganicssfbay"},"otherProducers":[],"productType":"Superfood Powders","canSubscribe":false,"availabilitiesByDay":{"2021-05-24":{"status":"available","quantity":81},"2021-05-25":{"status":"available","quantity":81},"2021-05-26":{"status":"available","quantity":81},"2021-05-27":{"status":"available","quantity":81},"2021-05-28":{"status":"available","quantity":81},"2021-05-29":{"status":"available","quantity":81}},"isMealPlan":false},"5ead99f0d7fa05000eecad7b":{"id":"5ead99f0d7fa05000eecad7b","name":"Organic Vanilla & Greens Blend","photoUrl":"https://goodeggs4.imgix.net/3b2d839c-68e5-4fe1-aef3-2f195d3d5fa3.jpg?w=380&h=238&fm=jpg&auto=compress&fit=crop","url":"/sfbay/navitasorganicssfbay/organic-vanilla-greens-blend/5ead99f0d7fa05000eecad7b","promotionalProductType":"none","isDeliveryRestricted":false,"orderTypes":["single"],"retailUnits":"8.4 oz","retailPrice":2499,"quantityOptions":[{"quantitySubscriptionDiscount":0,"quantity":1},{"quantitySubscriptionDiscount":0,"quantity":2},{"quantitySubscriptionDiscount":0,"quantity":3},{"quantitySubscriptionDiscount":0,"quantity":4},{"quantitySubscriptionDiscount":0,"quantity":5},{"quantitySubscriptionDiscount":0,"quantity":6},{"quantitySubscriptionDiscount":0,"quantity":7},{"quantitySubscriptionDiscount":0,"quantity":8},{"quantitySubscriptionDiscount":0,"quantity":9},{"quantitySubscriptionDiscount":0,"quantity":10}],"quantityDetails":"8.4 oz","comparisonUnitPrice":null,"comparisonUnitName":null,"maxQuantity":10,"scheduleEntries":[],"vendor":{"city":"Novato, CA","name":"Navitas Organics","shortDescription":"Navitas creates super-simple, super-nutritious superfoods that give you the energy you need to live each day to the fullest.","slug":"navitasorganicssfbay","thumbnailUrl":"https://goodeggs4.imgix.net/Kse2xptYS3yIP93Qv8aQ_Team Photo.jpg?w=560&h=350&fm=jpg&q=41&fit=crop&crop=faces","url":"/navitasorganicssfbay"},"currentProducer":{"city":"Novato, CA","name":"Navitas Organics","shortDescription":"Navitas creates super-simple, super-nutritious superfoods that give you the energy you need to live each day to the fullest.","slug":"navitasorganicssfbay","thumbnailUrl":"https://goodeggs4.imgix.net/Kse2xptYS3yIP93Qv8aQ_Team Photo.jpg?w=560&h=350&fm=jpg&q=41&fit=crop&crop=faces","url":"/navitasorganicssfbay"},"otherProducers":[],"productType":"Protein Powder","canSubscribe":false,"availabilitiesByDay":{"2021-05-24":{"status":"available","quantity":38},"2021-05-25":{"status":"available","quantity":38},"2021-05-26":{"status":"available","quantity":38},"2021-05-27":{"status":"available","quantity":38},"2021-05-28":{"status":"available","quantity":38},"2021-05-29":{"status":"available","quantity":38}},"isMealPlan":false},"5ead9acabf54c5000ef4e8e2":{"id":"5ead9acabf54c5000ef4e8e2","name":"Organic Cacao & Greens Blend","photoUrl":"https://goodeggs4.imgix.net/92d070cc-5e0a-420c-987f-255ede55896a.jpg?w=380&h=238&fm=jpg&auto=compress&fit=crop","url":"/sfbay/navitasorganicssfbay/organic-cacao-greens-blend/5ead9acabf54c5000ef4e8e2","promotionalProductType":"none","isDeliveryRestricted":false,"orderTypes":["single"],"retailUnits":"8.8 oz","retailPrice":2499,"quantityOptions":[{"quantitySubscriptionDiscount":0,"quantity":1},{"quantitySubscriptionDiscount":0,"quantity":2},{"quantitySubscriptionDiscount":0,"quantity":3},{"quantitySubscriptionDiscount":0,"quantity":4},{"quantitySubscriptionDiscount":0,"quantity":5},{"quantitySubscriptionDiscount":0,"quantity":6},{"quantitySubscriptionDiscount":0,"quantity":7},{"quantitySubscriptionDiscount":0,"quantity":8},{"quantitySubscriptionDiscount":0,"quantity":9},{"quantitySubscriptionDiscount":0,"quantity":10}],"quantityDetails":"8.8 oz","comparisonUnitPrice":null,"comparisonUnitName":null,"maxQuantity":10,"scheduleEntries":[],"vendor":{"city":"Novato, CA","name":"Navitas Organics","shortDescription":"Navitas creates super-simple, super-nutritious superfoods that give you the energy you need to live each day to the fullest.","slug":"navitasorganicssfbay","thumbnailUrl":"https://goodeggs4.imgix.net/Kse2xptYS3yIP93Qv8aQ_Team Photo.jpg?w=560&h=350&fm=jpg&q=41&fit=crop&crop=faces","url":"/navitasorganicssfbay"},"currentProducer":{"city":"Novato, CA","name":"Navitas Organics","shortDescription":"Navitas creates super-simple, super-nutritious superfoods that give you the energy you need to live each day to the fullest.","slug":"navitasorganicssfbay","thumbnailUrl":"https://goodeggs4.imgix.net/Kse2xptYS3yIP93Qv8aQ_Team Photo.jpg?w=560&h=350&fm=jpg&q=41&fit=crop&crop=faces","url":"/navitasorganicssfbay"},"otherProducers":[],"productType":"Protein Powder","canSubscribe":false,"availabilitiesByDay":{"2021-05-24":{"status":"available","quantity":67},"2021-05-25":{"status":"available","quantity":67},"2021-05-26":{"status":"available","quantity":67},"2021-05-27":{"status":"available","quantity":67},"2021-05-28":{"status":"available","quantity":67},"2021-05-29":{"status":"available","quantity":67}},"isMealPlan":false},"5bf351282635ba000f91c68f":{"id":"5bf351282635ba000f91c68f","name":"Organic Turmeric Powder","photoUrl":"https://goodeggs4.imgix.net/3cedd00f-59d5-4837-a8b2-f11651681ad8.jpg?w=380&h=238&fm=jpg&auto=compress&fit=crop","url":"/sfbay/navitasorganicssfbay/organic-turmeric-powder/5bf351282635ba000f91c68f","promotionalProductType":"none","isDeliveryRestricted":false,"orderTypes":["single"],"retailUnits":"8 oz","retailPrice":1199,"quantityOptions":[{"quantitySubscriptionDiscount":0,"quantity":1},{"quantitySubscriptionDiscount":0,"quantity":2},{"quantitySubscriptionDiscount":0,"quantity":3},{"quantitySubscriptionDiscount":0,"quantity":4},{"quantitySubscriptionDiscount":0,"quantity":5},{"quantitySubscriptionDiscount":0,"quantity":6},{"quantitySubscriptionDiscount":0,"quantity":7},{"quantitySubscriptionDiscount":0,"quantity":8},{"quantitySubscriptionDiscount":0,"quantity":9},{"quantitySubscriptionDiscount":0,"quantity":10}],"quantityDetails":"8 oz","comparisonUnitPrice":2398,"comparisonUnitName":"lb","maxQuantity":10,"scheduleEntries":[],"vendor":{"city":"Novato, CA","name":"Navitas Organics","shortDescription":"Navitas creates super-simple, super-nutritious superfoods that give you the energy you need to live each day to the fullest.","slug":"navitasorganicssfbay","thumbnailUrl":"https://goodeggs4.imgix.net/Kse2xptYS3yIP93Qv8aQ_Team Photo.jpg?w=560&h=350&fm=jpg&q=41&fit=crop&crop=faces","url":"/navitasorganicssfbay"},"currentProducer":{"city":"Novato, CA","name":"Navitas Organics","shortDescription":"Navitas creates super-simple, super-nutritious superfoods that give you the energy you need to live each day to the fullest.","slug":"navitasorganicssfbay","thumbnailUrl":"https://goodeggs4.imgix.net/Kse2xptYS3yIP93Qv8aQ_Team Photo.jpg?w=560&h=350&fm=jpg&q=41&fit=crop&crop=faces","url":"/navitasorganicssfbay"},"otherProducers":[],"productType":"Ground Turmeric","canSubscribe":false,"availabilitiesByDay":{"2021-05-24":{"status":"available","quantity":61},"2021-05-25":{"status":"available","quantity":61},"2021-05-26":{"status":"available","quantity":61},"2021-05-27":{"status":"available","quantity":61},"2021-05-28":{"status":"available","quantity":61},"2021-05-29":{"status":"available","quantity":61}},"isMealPlan":false},"609ea20c10edec0012c21122":{"id":"609ea20c10edec0012c21122","name":"Berry Calm Superfood Powder","photoUrl":"https://goodeggs4.imgix.net/ece48054-3285-4535-acd3-1093e81ac859.jpg?w=380&h=238&fm=jpg&auto=compress&fit=crop","url":"/sfbay/sunwinksfbay/berry-calm-superfood-powder/609ea20c10edec0012c21122","promotionalProductType":"none","isDeliveryRestricted":false,"orderTypes":["single"],"retailUnits":"4.2 oz","retailPrice":2999,"quantityOptions":[{"quantitySubscriptionDiscount":0,"quantity":1},{"quantitySubscriptionDiscount":0,"quantity":2},{"quantitySubscriptionDiscount":0,"quantity":3},{"quantitySubscriptionDiscount":0,"quantity":4},{"quantitySubscriptionDiscount":0,"quantity":5},{"quantitySubscriptionDiscount":0,"quantity":6},{"quantitySubscriptionDiscount":0,"quantity":7},{"quantitySubscriptionDiscount":0,"quantity":8},{"quantitySubscriptionDiscount":0,"quantity":9},{"quantitySubscriptionDiscount":0,"quantity":10}],"quantityDetails":"4.2 oz, 40 servings per tin","comparisonUnitPrice":714,"comparisonUnitName":"oz","maxQuantity":10,"scheduleEntries":[],"vendor":{"city":"San Francisco, CA","name":"Sunwink Herbal Tonics","shortDescription":"Sunwink is a San Francisco-based sparkling herbal tonics company. Their tonics taste like a sparkling juice, but all the flavor and benefits come from the herbs.","slug":"sunwinksfbay","thumbnailUrl":"https://goodeggs4.imgix.net/vmzB0tMTIuxNFqT3IG7g_Eliza Photo - Bob Engel.jpg?w=560&h=350&fm=jpg&q=41&fit=crop&crop=faces","url":"/sunwinksfbay"},"currentProducer":{"city":"San Francisco, CA","name":"Sunwink Herbal Tonics","shortDescription":"Sunwink is a San Francisco-based sparkling herbal tonics company. Their tonics taste like a sparkling juice, but all the flavor and benefits come from the herbs.","slug":"sunwinksfbay","thumbnailUrl":"https://goodeggs4.imgix.net/vmzB0tMTIuxNFqT3IG7g_Eliza Photo - Bob Engel.jpg?w=560&h=350&fm=jpg&q=41&fit=crop&crop=faces","url":"/sunwinksfbay"},"otherProducers":[],"productType":"Superfood Powders","canSubscribe":false,"availabilitiesByDay":{"2021-05-24":{"status":"available","quantity":37},"2021-05-25":{"status":"available","quantity":37},"2021-05-26":{"status":"available","quantity":37},"2021-05-27":{"status":"available","quantity":37},"2021-05-28":{"status":"available","quantity":37},"2021-05-29":{"status":"available","quantity":37}},"isMealPlan":false},"609ea7c510edec0012c21123":{"id":"609ea7c510edec0012c21123","name":"Cacao Clarity Superfood Powder","photoUrl":"https://goodeggs4.imgix.net/079ca05d-e444-40e5-a062-97e49904cc7e.jpg?w=380&h=238&fm=jpg&auto=compress&fit=crop","url":"/sfbay/sunwinksfbay/cacao-clarity-superfood-powder/609ea7c510edec0012c21123","promotionalProductType":"none","isDeliveryRestricted":false,"orderTypes":["single"],"retailUnits":"4.2 oz","retailPrice":2999,"quantityOptions":[{"quantitySubscriptionDiscount":0,"quantity":1},{"quantitySubscriptionDiscount":0,"quantity":2},{"quantitySubscriptionDiscount":0,"quantity":3},{"quantitySubscriptionDiscount":0,"quantity":4},{"quantitySubscriptionDiscount":0,"quantity":5},{"quantitySubscriptionDiscount":0,"quantity":6},{"quantitySubscriptionDiscount":0,"quantity":7},{"quantitySubscriptionDiscount":0,"quantity":8},{"quantitySubscriptionDiscount":0,"quantity":9},{"quantitySubscriptionDiscount":0,"quantity":10}],"quantityDetails":"4.2 oz, 40 servings per tin","comparisonUnitPrice":714,"comparisonUnitName":"oz","maxQuantity":10,"scheduleEntries":[],"vendor":{"city":"San Francisco, CA","name":"Sunwink Herbal Tonics","shortDescription":"Sunwink is a San Francisco-based sparkling herbal tonics company. Their tonics taste like a sparkling juice, but all the flavor and benefits come from the herbs.","slug":"sunwinksfbay","thumbnailUrl":"https://goodeggs4.imgix.net/vmzB0tMTIuxNFqT3IG7g_Eliza Photo - Bob Engel.jpg?w=560&h=350&fm=jpg&q=41&fit=crop&crop=faces","url":"/sunwinksfbay"},"currentProducer":{"city":"San Francisco, CA","name":"Sunwink Herbal Tonics","shortDescription":"Sunwink is a San Francisco-based sparkling herbal tonics company. Their tonics taste like a sparkling juice, but all the flavor and benefits come from the herbs.","slug":"sunwinksfbay","thumbnailUrl":"https://goodeggs4.imgix.net/vmzB0tMTIuxNFqT3IG7g_Eliza Photo - Bob Engel.jpg?w=560&h=350&fm=jpg&q=41&fit=crop&crop=faces","url":"/sunwinksfbay"},"otherProducers":[],"productType":"Superfood Powders","canSubscribe":false,"availabilitiesByDay":{"2021-05-24":{"status":"available","quantity":47},"2021-05-25":{"status":"available","quantity":47},"2021-05-26":{"status":"available","quantity":47},"2021-05-27":{"status":"available","quantity":47},"2021-05-28":{"status":"available","quantity":47},"2021-05-29":{"status":"available","quantity":47}},"isMealPlan":false},"5f87417f466e7b000e204a98":{"id":"5f87417f466e7b000e204a98","name":"Original Psyllium Pre & Probiotic Fiber","photoUrl":"https://goodeggs4.imgix.net/2c914d32-ad57-4faa-884f-75fc2b568f40.jpg?w=380&h=238&fm=jpg&auto=compress&fit=crop","url":"/sfbay/organicindiasfbay/original-psyllium-pre-probiotic-fiber/5f87417f466e7b000e204a98","promotionalProductType":"none","isDeliveryRestricted":false,"orderTypes":["single"],"retailUnits":"10 oz","retailPrice":1499,"quantityOptions":[{"quantitySubscriptionDiscount":0,"quantity":1},{"quantitySubscriptionDiscount":0,"quantity":2},{"quantitySubscriptionDiscount":0,"quantity":3},{"quantitySubscriptionDiscount":0,"quantity":4},{"quantitySubscriptionDiscount":0,"quantity":5},{"quantitySubscriptionDiscount":0,"quantity":6},{"quantitySubscriptionDiscount":0,"quantity":7},{"quantitySubscriptionDiscount":0,"quantity":8},{"quantitySubscriptionDiscount":0,"quantity":9},{"quantitySubscriptionDiscount":0,"quantity":10}],"quantityDetails":"10 oz","comparisonUnitPrice":null,"comparisonUnitName":null,"maxQuantity":10,"scheduleEntries":[],"vendor":{"name":"Organic India","shortDescription":"Organic India is committed to being a living embodiment of love and consciousness in action. They work with thousands of small family farmers in India to cultivate tens of thousands of acres of sustainable organic farmland.","slug":"organicindiasfbay","thumbnailUrl":"https://goodeggs4.imgix.net/MWBIX7WTDSoymrPl7Tbw_organicindia.jpg?w=560&h=350&fm=jpg&q=41&fit=crop&crop=faces","url":"/organicindiasfbay"},"currentProducer":{"name":"Organic India","shortDescription":"Organic India is committed to being a living embodiment of love and consciousness in action. They work with thousands of small family farmers in India to cultivate tens of thousands of acres of sustainable organic farmland.","slug":"organicindiasfbay","thumbnailUrl":"https://goodeggs4.imgix.net/MWBIX7WTDSoymrPl7Tbw_organicindia.jpg?w=560&h=350&fm=jpg&q=41&fit=crop&crop=faces","url":"/organicindiasfbay"},"otherProducers":[],"productType":"Superfood Powders","canSubscribe":false,"availabilitiesByDay":{"2021-05-24":{"status":"available","quantity":42},"2021-05-25":{"status":"available","quantity":42},"2021-05-26":{"status":"available","quantity":42},"2021-05-27":{"status":"available","quantity":42},"2021-05-28":{"status":"available","quantity":42},"2021-05-29":{"status":"available","quantity":42}},"isMealPlan":false},"5d8283f10c93c7000efa6d52":{"id":"5d8283f10c93c7000efa6d52","name":"Daily Adaptogen Powder","photoUrl":"https://goodeggs4.imgix.net/6e5f9395-a00f-477b-8273-31442c68d5a1.jpg?w=380&h=238&fm=jpg&auto=compress&fit=crop","url":"/sfbay/goldmine/daily-adaptogen-powder/5d8283f10c93c7000efa6d52","promotionalProductType":"none","isDeliveryRestricted":false,"orderTypes":["single"],"retailUnits":"1.37 oz","retailPrice":2799,"quantityOptions":[{"quantitySubscriptionDiscount":0,"quantity":1},{"quantitySubscriptionDiscount":0,"quantity":2},{"quantitySubscriptionDiscount":0,"quantity":3},{"quantitySubscriptionDiscount":0,"quantity":4},{"quantitySubscriptionDiscount":0,"quantity":5},{"quantitySubscriptionDiscount":0,"quantity":6},{"quantitySubscriptionDiscount":0,"quantity":7},{"quantitySubscriptionDiscount":0,"quantity":8},{"quantitySubscriptionDiscount":0,"quantity":9},{"quantitySubscriptionDiscount":0,"quantity":10}],"quantityDetails":null,"comparisonUnitPrice":2043,"comparisonUnitName":"oz","maxQuantity":10,"scheduleEntries":[],"vendor":{"city":"San Francisco, CA","name":"Goldmine","shortDescription":"Goldmine creates adaptogenic herbal blends made with six organic ingredients.","slug":"goldmine","thumbnailUrl":"https://goodeggs4.imgix.net/86eac3f7-5032-4ef5-9528-5585cf70a0c2.png?w=560&h=350&fm=jpg&q=41&fit=crop&crop=faces","url":"/goldmine"},"currentProducer":{"city":"San Francisco, CA","name":"Goldmine","shortDescription":"Goldmine creates adaptogenic herbal blends made with six organic ingredients.","slug":"goldmine","thumbnailUrl":"https://goodeggs4.imgix.net/86eac3f7-5032-4ef5-9528-5585cf70a0c2.png?w=560&h=350&fm=jpg&q=41&fit=crop&crop=faces","url":"/goldmine"},"otherProducers":[],"productType":"Adaptogen Powder","canSubscribe":false,"availabilitiesByDay":{"2021-05-24":{"status":"available","quantity":70},"2021-05-25":{"status":"available","quantity":70},"2021-05-26":{"status":"available","quantity":70},"2021-05-27":{"status":"available","quantity":70},"2021-05-28":{"status":"available","quantity":70},"2021-05-29":{"status":"available","quantity":70}},"isMealPlan":false},"5d828456907f24000eab3c1b":{"id":"5d828456907f24000eab3c1b","name":"Daily Adaptogen Powder","photoUrl":"https://goodeggs4.imgix.net/94e24eb4-53c1-4047-8686-275dcc528aea.jpg?w=380&h=238&fm=jpg&auto=compress&fit=crop","url":"/sfbay/goldmine/daily-adaptogen-powder/5d828456907f24000eab3c1b","promotionalProductType":"none","isDeliveryRestricted":false,"orderTypes":["single"],"retailUnits":"10 count","retailPrice":1999,"quantityOptions":[{"quantitySubscriptionDiscount":0,"quantity":1},{"quantitySubscriptionDiscount":0,"quantity":2},{"quantitySubscriptionDiscount":0,"quantity":3},{"quantitySubscriptionDiscount":0,"quantity":4},{"quantitySubscriptionDiscount":0,"quantity":5},{"quantitySubscriptionDiscount":0,"quantity":6},{"quantitySubscriptionDiscount":0,"quantity":7},{"quantitySubscriptionDiscount":0,"quantity":8},{"quantitySubscriptionDiscount":0,"quantity":9},{"quantitySubscriptionDiscount":0,"quantity":10}],"quantityDetails":null,"comparisonUnitPrice":2815,"comparisonUnitName":"oz","maxQuantity":10,"scheduleEntries":[],"vendor":{"city":"San Francisco, CA","name":"Goldmine","shortDescription":"Goldmine creates adaptogenic herbal blends made with six organic ingredients.","slug":"goldmine","thumbnailUrl":"https://goodeggs4.imgix.net/86eac3f7-5032-4ef5-9528-5585cf70a0c2.png?w=560&h=350&fm=jpg&q=41&fit=crop&crop=faces","url":"/goldmine"},"currentProducer":{"city":"San Francisco, CA","name":"Goldmine","shortDescription":"Goldmine creates adaptogenic herbal blends made with six organic ingredients.","slug":"goldmine","thumbnailUrl":"https://goodeggs4.imgix.net/86eac3f7-5032-4ef5-9528-5585cf70a0c2.png?w=560&h=350&fm=jpg&q=41&fit=crop&crop=faces","url":"/goldmine"},"otherProducers":[],"productType":"Adaptogen Powder","canSubscribe":false,"availabilitiesByDay":{"2021-05-24":{"status":"available","quantity":36},"2021-05-25":{"status":"available","quantity":36},"2021-05-26":{"status":"available","quantity":36},"2021-05-27":{"status":"available","quantity":36},"2021-05-28":{"status":"available","quantity":36},"2021-05-29":{"status":"available","quantity":36}},"isMealPlan":false},"5f92366b7291af000e8964ff":{"id":"5f92366b7291af000e8964ff","name":"Easy Being Green Superfood Greens Powder","photoUrl":"https://goodeggs4.imgix.net/0781e113-c3a2-4181-b401-92d112ddffb6.jpg?w=380&h=238&fm=jpg&auto=compress&fit=crop","url":"/sfbay/oraorganic/easy-being-green-superfood-greens-powder/5f92366b7291af000e8964ff","promotionalProductType":"none","isDeliveryRestricted":false,"orderTypes":["single"],"retailUnits":"8.5 oz","retailPrice":2799,"quantityOptions":[{"quantitySubscriptionDiscount":0,"quantity":1},{"quantitySubscriptionDiscount":0,"quantity":2},{"quantitySubscriptionDiscount":0,"quantity":3},{"quantitySubscriptionDiscount":0,"quantity":4},{"quantitySubscriptionDiscount":0,"quantity":5},{"quantitySubscriptionDiscount":0,"quantity":6},{"quantitySubscriptionDiscount":0,"quantity":7},{"quantitySubscriptionDiscount":0,"quantity":8},{"quantitySubscriptionDiscount":0,"quantity":9},{"quantitySubscriptionDiscount":0,"quantity":10}],"quantityDetails":"30 servings, 8.5 oz","comparisonUnitPrice":null,"comparisonUnitName":null,"maxQuantity":10,"scheduleEntries":[],"vendor":{"city":"Austin, TX","name":"Ora Organic","shortDescription":"Ora Organic creates products without the use of anything artificial, only use plant-based ingredients, and source organic wherever possible.","slug":"oraorganic","thumbnailUrl":"https://goodeggs4.imgix.net/bdd11e40-14ca-11eb-839b-9b7371ce7055?w=560&h=350&fm=jpg&q=41&fit=crop&crop=faces","url":"/oraorganic"},"currentProducer":{"city":"Austin, TX","name":"Ora Organic","shortDescription":"Ora Organic creates products without the use of anything artificial, only use plant-based ingredients, and source organic wherever possible.","slug":"oraorganic","thumbnailUrl":"https://goodeggs4.imgix.net/bdd11e40-14ca-11eb-839b-9b7371ce7055?w=560&h=350&fm=jpg&q=41&fit=crop&crop=faces","url":"/oraorganic"},"otherProducers":[],"productType":"Superfood Powders","canSubscribe":false,"availabilitiesByDay":{"2021-05-24":{"status":"available","quantity":41},"2021-05-25":{"status":"available","quantity":41},"2021-05-26":{"status":"available","quantity":41},"2021-05-27":{"status":"available","quantity":41},"2021-05-28":{"status":"available","quantity":41},"2021-05-29":{"status":"available","quantity":41}},"isMealPlan":false},"57968786bd77e4030000018e":{"id":"57968786bd77e4030000018e","name":"Organic Turmeric-Relieve","photoUrl":"https://goodeggs4.imgix.net/805ec546-86ee-4e09-9137-df57e26addd9.jpg?w=380&h=238&fm=jpg&auto=compress&fit=crop","url":"/sfbay/urbanremedy/organic-turmeric-relieve/57968786bd77e4030000018e","promotionalProductType":"none","isDeliveryRestricted":false,"orderTypes":["single"],"retailUnits":"4 fl oz","retailPrice":699,"quantityOptions":[{"quantitySubscriptionDiscount":0,"quantity":1},{"quantitySubscriptionDiscount":0,"quantity":2},{"quantitySubscriptionDiscount":0,"quantity":3},{"quantitySubscriptionDiscount":0,"quantity":4},{"quantitySubscriptionDiscount":0,"quantity":5},{"quantitySubscriptionDiscount":0,"quantity":6},{"quantitySubscriptionDiscount":0,"quantity":7},{"quantitySubscriptionDiscount":0,"quantity":8},{"quantitySubscriptionDiscount":0,"quantity":9},{"quantitySubscriptionDiscount":0,"quantity":10}],"quantityDetails":"4 fl oz (118ml)","comparisonUnitPrice":174,"comparisonUnitName":"fl oz","maxQuantity":10,"scheduleEntries":[],"vendor":{"city":"San Francisco","name":"Urban Remedy","shortDescription":"Urban Remedy is a line of raw, ready-to-eat snacks, meals, cold-pressed juices and energy boosting tinctures. Every product we make blends cutting-edge nutrition with Traditional Chinese Medicine to offer you deeply healing elixirs and edibles that taste as delicious as they are effective.\n\nUrban Remedy was founded by licensed acupuncturist, herbalist,and certified Chinese nutritionist Neka Pasquale, with the idea that a healthy diet equals vibrant health. Neka grew up with Jewish and Italian grandmothers, who shared a love of everything food related. She credits both women with her present-day passion for cooking.","slug":"urbanremedy","thumbnailUrl":"https://goodeggs4.imgix.net/4bbd1e22-6ffe-4ca7-a5be-c1012119402c.jpg?w=560&h=350&fm=jpg&q=41&fit=crop&crop=faces","url":"/urbanremedy"},"currentProducer":{"city":"San Francisco","name":"Urban Remedy","shortDescription":"Urban Remedy is a line of raw, ready-to-eat snacks, meals, cold-pressed juices and energy boosting tinctures. Every product we make blends cutting-edge nutrition with Traditional Chinese Medicine to offer you deeply healing elixirs and edibles that taste as delicious as they are effective.\n\nUrban Remedy was founded by licensed acupuncturist, herbalist,and certified Chinese nutritionist Neka Pasquale, with the idea that a healthy diet equals vibrant health. Neka grew up with Jewish and Italian grandmothers, who shared a love of everything food related. She credits both women with her present-day passion for cooking.","slug":"urbanremedy","thumbnailUrl":"https://goodeggs4.imgix.net/4bbd1e22-6ffe-4ca7-a5be-c1012119402c.jpg?w=560&h=350&fm=jpg&q=41&fit=crop&crop=faces","url":"/urbanremedy"},"otherProducers":[],"productType":"Wellness Shots","canSubscribe":false,"availabilitiesByDay":{"2021-05-24":{"status":"available","quantity":106},"2021-05-25":{"status":"available","quantity":106},"2021-05-26":{"status":"available","quantity":106},"2021-05-27":{"status":"available","quantity":106},"2021-05-28":{"status":"available","quantity":106},"2021-05-29":{"status":"available","quantity":106}},"isMealPlan":false},"6081a2d6412b2300122a6b49":{"id":"6081a2d6412b2300122a6b49","name":"Organic Wellness Shot for your Skin","photoUrl":"https://goodeggs4.imgix.net/5064aa3e-3c86-4980-9187-e6258d5bbf8c.jpg?w=380&h=238&fm=jpg&auto=compress&fit=crop","url":"/sfbay/dose/organic-wellness-shot-for-your-skin/6081a2d6412b2300122a6b49","promotionalProductType":"none","isDeliveryRestricted":false,"orderTypes":["single"],"retailUnits":"2 oz","retailPrice":399,"quantityOptions":[{"quantitySubscriptionDiscount":0,"quantity":1},{"quantitySubscriptionDiscount":0,"quantity":2},{"quantitySubscriptionDiscount":0,"quantity":3},{"quantitySubscriptionDiscount":0,"quantity":4},{"quantitySubscriptionDiscount":0,"quantity":5},{"quantitySubscriptionDiscount":0,"quantity":6},{"quantitySubscriptionDiscount":0,"quantity":7},{"quantitySubscriptionDiscount":0,"quantity":8},{"quantitySubscriptionDiscount":0,"quantity":9},{"quantitySubscriptionDiscount":0,"quantity":10}],"quantityDetails":"2 oz","comparisonUnitPrice":199,"comparisonUnitName":"oz","maxQuantity":10,"scheduleEntries":[],"vendor":{"city":"Los Angeles, CA","name":"Dose","shortDescription":"Dose is a a functional beverage company that combines high quality ingredients in efficacious doses for all facets of the body. ","slug":"dose","thumbnailUrl":"https://goodeggs4.imgix.net/b66f339d-8ec2-4430-bd36-71a523bb4c05.jpg?w=560&h=350&fm=jpg&q=41&fit=crop&crop=faces","url":"/dose"},"currentProducer":{"city":"Los Angeles, CA","name":"Dose","shortDescription":"Dose is a a functional beverage company that combines high quality ingredients in efficacious doses for all facets of the body. ","slug":"dose","thumbnailUrl":"https://goodeggs4.imgix.net/b66f339d-8ec2-4430-bd36-71a523bb4c05.jpg?w=560&h=350&fm=jpg&q=41&fit=crop&crop=faces","url":"/dose"},"otherProducers":[],"productType":"Wellness Shots","canSubscribe":false,"availabilitiesByDay":{"2021-05-24":{"status":"available","quantity":126},"2021-05-25":{"status":"available","quantity":126},"2021-05-26":{"status":"available","quantity":126},"2021-05-27":{"status":"available","quantity":126},"2021-05-28":{"status":"available","quantity":126},"2021-05-29":{"status":"available","quantity":126}},"isMealPlan":false},"5d0d45f5fbf207000e296a77":{"id":"5d0d45f5fbf207000e296a77","name":"Organic Original Immunity Boost","photoUrl":"https://goodeggs4.imgix.net/bb8bc3a3-973f-4198-a3a2-9a65cdf5c0df.jpg?w=380&h=238&fm=jpg&auto=compress&fit=crop","url":"/sfbay/viveorganicsfbay/organic-original-immunity-boost/5d0d45f5fbf207000e296a77","promotionalProductType":"none","isDeliveryRestricted":false,"orderTypes":["single"],"retailUnits":"2 fl oz","retailPrice":379,"quantityOptions":[{"quantitySubscriptionDiscount":0,"quantity":1},{"quantitySubscriptionDiscount":0,"quantity":2},{"quantitySubscriptionDiscount":0,"quantity":3},{"quantitySubscriptionDiscount":0,"quantity":4},{"quantitySubscriptionDiscount":0,"quantity":5},{"quantitySubscriptionDiscount":0,"quantity":6},{"quantitySubscriptionDiscount":0,"quantity":7},{"quantitySubscriptionDiscount":0,"quantity":8},{"quantitySubscriptionDiscount":0,"quantity":9},{"quantitySubscriptionDiscount":0,"quantity":10}],"quantityDetails":null,"comparisonUnitPrice":189,"comparisonUnitName":"fl oz","maxQuantity":10,"scheduleEntries":[],"vendor":{"city":"Venice, CA","name":"Vive Organic","shortDescription":"Vive Organic makes cold-pressed shots that deliver the freshest form of natural functional ingredients in a delicious single serving.","slug":"viveorganicsfbay","thumbnailUrl":"https://goodeggs4.imgix.net/bf3b7ed5-24dc-4ec3-ae93-a58bddf4d93e.jpg?w=560&h=350&fm=jpg&q=41&fit=crop&crop=faces","url":"/viveorganicsfbay"},"currentProducer":{"city":"Venice, CA","name":"Vive Organic","shortDescription":"Vive Organic makes cold-pressed shots that deliver the freshest form of natural functional ingredients in a delicious single serving.","slug":"viveorganicsfbay","thumbnailUrl":"https://goodeggs4.imgix.net/bf3b7ed5-24dc-4ec3-ae93-a58bddf4d93e.jpg?w=560&h=350&fm=jpg&q=41&fit=crop&crop=faces","url":"/viveorganicsfbay"},"otherProducers":[],"productType":"Wellness Shots","canSubscribe":false,"availabilitiesByDay":{"2021-05-24":{"status":"available","quantity":199},"2021-05-25":{"status":"available","quantity":199},"2021-05-26":{"status":"available","quantity":199},"2021-05-27":{"status":"available","quantity":199},"2021-05-28":{"status":"available","quantity":199},"2021-05-29":{"status":"available","quantity":199}},"isMealPlan":false},"5d0d47a6fbf207000e296b05":{"id":"5d0d47a6fbf207000e296b05","name":"Organic Antioxidant Detox","photoUrl":"https://goodeggs4.imgix.net/64e3a924-8561-495f-b52e-d51f9c83962f.jpg?w=380&h=238&fm=jpg&auto=compress&fit=crop","url":"/sfbay/viveorganicsfbay/organic-antioxidant-detox/5d0d47a6fbf207000e296b05","promotionalProductType":"none","isDeliveryRestricted":false,"orderTypes":["single"],"retailUnits":"2 fl oz","retailPrice":379,"quantityOptions":[{"quantitySubscriptionDiscount":0,"quantity":1},{"quantitySubscriptionDiscount":0,"quantity":2},{"quantitySubscriptionDiscount":0,"quantity":3},{"quantitySubscriptionDiscount":0,"quantity":4},{"quantitySubscriptionDiscount":0,"quantity":5},{"quantitySubscriptionDiscount":0,"quantity":6},{"quantitySubscriptionDiscount":0,"quantity":7},{"quantitySubscriptionDiscount":0,"quantity":8},{"quantitySubscriptionDiscount":0,"quantity":9},{"quantitySubscriptionDiscount":0,"quantity":10}],"quantityDetails":null,"comparisonUnitPrice":189,"comparisonUnitName":"fl oz","maxQuantity":10,"scheduleEntries":[],"vendor":{"city":"Venice, CA","name":"Vive Organic","shortDescription":"Vive Organic makes cold-pressed shots that deliver the freshest form of natural functional ingredients in a delicious single serving.","slug":"viveorganicsfbay","thumbnailUrl":"https://goodeggs4.imgix.net/bf3b7ed5-24dc-4ec3-ae93-a58bddf4d93e.jpg?w=560&h=350&fm=jpg&q=41&fit=crop&crop=faces","url":"/viveorganicsfbay"},"currentProducer":{"city":"Venice, CA","name":"Vive Organic","shortDescription":"Vive Organic makes cold-pressed shots that deliver the freshest form of natural functional ingredients in a delicious single serving.","slug":"viveorganicsfbay","thumbnailUrl":"https://goodeggs4.imgix.net/bf3b7ed5-24dc-4ec3-ae93-a58bddf4d93e.jpg?w=560&h=350&fm=jpg&q=41&fit=crop&crop=faces","url":"/viveorganicsfbay"},"otherProducers":[],"productType":"Wellness Shots","canSubscribe":false,"availabilitiesByDay":{"2021-05-24":{"status":"available","quantity":79},"2021-05-25":{"status":"available","quantity":79},"2021-05-26":{"status":"available","quantity":79},"2021-05-27":{"status":"available","quantity":79},"2021-05-28":{"status":"available","quantity":79},"2021-05-29":{"status":"available","quantity":79}},"isMealPlan":false},"6081afc793b39000122fe22e":{"id":"6081afc793b39000122fe22e","name":"Wellness Shot for your Liver","photoUrl":"https://goodeggs4.imgix.net/69105278-f518-4be2-a0b3-1cd6cbcf84e3.jpg?w=380&h=238&fm=jpg&auto=compress&fit=crop","url":"/sfbay/dose/wellness-shot-for-your-liver/6081afc793b39000122fe22e","promotionalProductType":"none","isDeliveryRestricted":false,"orderTypes":["single"],"retailUnits":"2 oz","retailPrice":399,"quantityOptions":[{"quantitySubscriptionDiscount":0,"quantity":1},{"quantitySubscriptionDiscount":0,"quantity":2},{"quantitySubscriptionDiscount":0,"quantity":3},{"quantitySubscriptionDiscount":0,"quantity":4},{"quantitySubscriptionDiscount":0,"quantity":5},{"quantitySubscriptionDiscount":0,"quantity":6},{"quantitySubscriptionDiscount":0,"quantity":7},{"quantitySubscriptionDiscount":0,"quantity":8},{"quantitySubscriptionDiscount":0,"quantity":9},{"quantitySubscriptionDiscount":0,"quantity":10}],"quantityDetails":"2 oz","comparisonUnitPrice":199,"comparisonUnitName":"oz","maxQuantity":10,"scheduleEntries":[],"vendor":{"city":"Los Angeles, CA","name":"Dose","shortDescription":"Dose is a a functional beverage company that combines high quality ingredients in efficacious doses for all facets of the body. ","slug":"dose","thumbnailUrl":"https://goodeggs4.imgix.net/b66f339d-8ec2-4430-bd36-71a523bb4c05.jpg?w=560&h=350&fm=jpg&q=41&fit=crop&crop=faces","url":"/dose"},"currentProducer":{"city":"Los Angeles, CA","name":"Dose","shortDescription":"Dose is a a functional beverage company that combines high quality ingredients in efficacious doses for all facets of the body. ","slug":"dose","thumbnailUrl":"https://goodeggs4.imgix.net/b66f339d-8ec2-4430-bd36-71a523bb4c05.jpg?w=560&h=350&fm=jpg&q=41&fit=crop&crop=faces","url":"/dose"},"otherProducers":[],"productType":"Wellness Shots","canSubscribe":false,"availabilitiesByDay":{"2021-05-24":{"status":"available","quantity":64},"2021-05-25":{"status":"available","quantity":64},"2021-05-26":{"status":"available","quantity":64},"2021-05-27":{"status":"available","quantity":64},"2021-05-28":{"status":"available","quantity":64},"2021-05-29":{"status":"available","quantity":64}},"isMealPlan":false},"5c1c28b36fea59000f00691f":{"id":"5c1c28b36fea59000f00691f","name":"Hawaiian Healer","photoUrl":"https://goodeggs4.imgix.net/6f805091-38ef-4991-a913-809044983aa1.jpg?w=380&h=238&fm=jpg&auto=compress&fit=crop","url":"/sfbay/happymoosejuicesfbay/hawaiian-healer/5c1c28b36fea59000f00691f","promotionalProductType":"none","isDeliveryRestricted":false,"orderTypes":["single"],"retailUnits":"2 fl oz","retailPrice":379,"quantityOptions":[{"quantitySubscriptionDiscount":0,"quantity":1},{"quantitySubscriptionDiscount":0,"quantity":2},{"quantitySubscriptionDiscount":0,"quantity":3},{"quantitySubscriptionDiscount":0,"quantity":4},{"quantitySubscriptionDiscount":0,"quantity":5},{"quantitySubscriptionDiscount":0,"quantity":6},{"quantitySubscriptionDiscount":0,"quantity":7},{"quantitySubscriptionDiscount":0,"quantity":8},{"quantitySubscriptionDiscount":0,"quantity":9},{"quantitySubscriptionDiscount":0,"quantity":10}],"quantityDetails":null,"comparisonUnitPrice":189,"comparisonUnitName":"fl oz","maxQuantity":10,"scheduleEntries":[],"vendor":{"city":"San Francisco, CA","name":"Happy Moose Juice","shortDescription":"Happy Moose Juice makes cold-pressed juices, smoothies, and wellness shots. ","slug":"happymoosejuicesfbay","thumbnailUrl":"https://goodeggs4.imgix.net/no9HLdKDQiWJcOBTWx1Q_HMJ Ryan Colwell Ranch Rich - H. Moose Joose.JPG?w=560&h=350&fm=jpg&q=41&fit=crop&crop=faces","url":"/happymoosejuicesfbay"},"currentProducer":{"city":"San Francisco, CA","name":"Happy Moose Juice","shortDescription":"Happy Moose Juice makes cold-pressed juices, smoothies, and wellness shots. ","slug":"happymoosejuicesfbay","thumbnailUrl":"https://goodeggs4.imgix.net/no9HLdKDQiWJcOBTWx1Q_HMJ Ryan Colwell Ranch Rich - H. Moose Joose.JPG?w=560&h=350&fm=jpg&q=41&fit=crop&crop=faces","url":"/happymoosejuicesfbay"},"otherProducers":[],"productType":"Wellness Shots","canSubscribe":false,"availabilitiesByDay":{"2021-05-24":{"status":"available","quantity":68},"2021-05-25":{"status":"available","quantity":68},"2021-05-26":{"status":"available","quantity":68},"2021-05-27":{"status":"available","quantity":68},"2021-05-28":{"status":"available","quantity":68},"2021-05-29":{"status":"available","quantity":68}},"isMealPlan":false},"5d0d4833fbf207000e296b2d":{"id":"5d0d4833fbf207000e296b2d","name":"Organic Cayenne Immunity Boost","photoUrl":"https://goodeggs4.imgix.net/513e022b-1417-4539-87d5-18ade2bacfd1.jpg?w=380&h=238&fm=jpg&auto=compress&fit=crop","url":"/sfbay/viveorganicsfbay/organic-cayenne-immunity-boost/5d0d4833fbf207000e296b2d","promotionalProductType":"none","isDeliveryRestricted":false,"orderTypes":["single"],"retailUnits":"2 fl oz","retailPrice":379,"quantityOptions":[{"quantitySubscriptionDiscount":0,"quantity":1},{"quantitySubscriptionDiscount":0,"quantity":2},{"quantitySubscriptionDiscount":0,"quantity":3},{"quantitySubscriptionDiscount":0,"quantity":4},{"quantitySubscriptionDiscount":0,"quantity":5},{"quantitySubscriptionDiscount":0,"quantity":6},{"quantitySubscriptionDiscount":0,"quantity":7},{"quantitySubscriptionDiscount":0,"quantity":8},{"quantitySubscriptionDiscount":0,"quantity":9},{"quantitySubscriptionDiscount":0,"quantity":10}],"quantityDetails":null,"comparisonUnitPrice":189,"comparisonUnitName":"fl oz","maxQuantity":10,"scheduleEntries":[],"vendor":{"city":"Venice, CA","name":"Vive Organic","shortDescription":"Vive Organic makes cold-pressed shots that deliver the freshest form of natural functional ingredients in a delicious single serving.","slug":"viveorganicsfbay","thumbnailUrl":"https://goodeggs4.imgix.net/bf3b7ed5-24dc-4ec3-ae93-a58bddf4d93e.jpg?w=560&h=350&fm=jpg&q=41&fit=crop&crop=faces","url":"/viveorganicsfbay"},"currentProducer":{"city":"Venice, CA","name":"Vive Organic","shortDescription":"Vive Organic makes cold-pressed shots that deliver the freshest form of natural functional ingredients in a delicious single serving.","slug":"viveorganicsfbay","thumbnailUrl":"https://goodeggs4.imgix.net/bf3b7ed5-24dc-4ec3-ae93-a58bddf4d93e.jpg?w=560&h=350&fm=jpg&q=41&fit=crop&crop=faces","url":"/viveorganicsfbay"},"otherProducers":[],"productType":"Wellness Shots","canSubscribe":false,"availabilitiesByDay":{"2021-05-24":{"status":"available","quantity":127},"2021-05-25":{"status":"available","quantity":127},"2021-05-26":{"status":"available","quantity":127},"2021-05-27":{"status":"available","quantity":127},"2021-05-28":{"status":"available","quantity":127},"2021-05-29":{"status":"available","quantity":127}},"isMealPlan":false},"5d0d46d5fbf207000e296ac3":{"id":"5d0d46d5fbf207000e296ac3","name":"Organic Wellness Rescue","photoUrl":"https://goodeggs4.imgix.net/a81b2a6b-3cf9-4485-9a6b-b9bb9343101f.jpg?w=380&h=238&fm=jpg&auto=compress&fit=crop","url":"/sfbay/viveorganicsfbay/organic-wellness-rescue/5d0d46d5fbf207000e296ac3","promotionalProductType":"none","isDeliveryRestricted":false,"orderTypes":["single"],"retailUnits":"2 fl oz","retailPrice":379,"quantityOptions":[{"quantitySubscriptionDiscount":0,"quantity":1},{"quantitySubscriptionDiscount":0,"quantity":2},{"quantitySubscriptionDiscount":0,"quantity":3},{"quantitySubscriptionDiscount":0,"quantity":4},{"quantitySubscriptionDiscount":0,"quantity":5},{"quantitySubscriptionDiscount":0,"quantity":6},{"quantitySubscriptionDiscount":0,"quantity":7},{"quantitySubscriptionDiscount":0,"quantity":8},{"quantitySubscriptionDiscount":0,"quantity":9},{"quantitySubscriptionDiscount":0,"quantity":10}],"quantityDetails":null,"comparisonUnitPrice":189,"comparisonUnitName":"fl oz","maxQuantity":10,"scheduleEntries":[],"vendor":{"city":"Venice, CA","name":"Vive Organic","shortDescription":"Vive Organic makes cold-pressed shots that deliver the freshest form of natural functional ingredients in a delicious single serving.","slug":"viveorganicsfbay","thumbnailUrl":"https://goodeggs4.imgix.net/bf3b7ed5-24dc-4ec3-ae93-a58bddf4d93e.jpg?w=560&h=350&fm=jpg&q=41&fit=crop&crop=faces","url":"/viveorganicsfbay"},"currentProducer":{"city":"Venice, CA","name":"Vive Organic","shortDescription":"Vive Organic makes cold-pressed shots that deliver the freshest form of natural functional ingredients in a delicious single serving.","slug":"viveorganicsfbay","thumbnailUrl":"https://goodeggs4.imgix.net/bf3b7ed5-24dc-4ec3-ae93-a58bddf4d93e.jpg?w=560&h=350&fm=jpg&q=41&fit=crop&crop=faces","url":"/viveorganicsfbay"},"otherProducers":[],"productType":"Wellness Shots","canSubscribe":false,"availabilitiesByDay":{"2021-05-24":{"status":"available","quantity":43},"2021-05-25":{"status":"available","quantity":43},"2021-05-26":{"status":"available","quantity":43},"2021-05-27":{"status":"available","quantity":43},"2021-05-28":{"status":"available","quantity":43},"2021-05-29":{"status":"available","quantity":43}},"isMealPlan":false},"6037e424f5c125000e0ea279":{"id":"6037e424f5c125000e0ea279","name":"Glow Up Beauty Shot","photoUrl":"https://goodeggs4.imgix.net/3f312610-8375-11eb-9783-f3d67f42bb6b?w=380&h=238&fm=jpg&auto=compress&fit=crop","url":"/sfbay/happymoosejuicesfbay/glow-up-beauty-shot/6037e424f5c125000e0ea279","promotionalProductType":"none","isDeliveryRestricted":false,"orderTypes":["single"],"retailUnits":"2 fl oz","retailPrice":379,"quantityOptions":[{"quantitySubscriptionDiscount":0,"quantity":1},{"quantitySubscriptionDiscount":0,"quantity":2},{"quantitySubscriptionDiscount":0,"quantity":3},{"quantitySubscriptionDiscount":0,"quantity":4},{"quantitySubscriptionDiscount":0,"quantity":5},{"quantitySubscriptionDiscount":0,"quantity":6},{"quantitySubscriptionDiscount":0,"quantity":7},{"quantitySubscriptionDiscount":0,"quantity":8},{"quantitySubscriptionDiscount":0,"quantity":9},{"quantitySubscriptionDiscount":0,"quantity":10}],"quantityDetails":"2 fl oz","comparisonUnitPrice":189,"comparisonUnitName":"fl oz","maxQuantity":10,"scheduleEntries":[],"vendor":{"city":"San Francisco, CA","name":"Happy Moose Juice","shortDescription":"Happy Moose Juice makes cold-pressed juices, smoothies, and wellness shots. ","slug":"happymoosejuicesfbay","thumbnailUrl":"https://goodeggs4.imgix.net/no9HLdKDQiWJcOBTWx1Q_HMJ Ryan Colwell Ranch Rich - H. Moose Joose.JPG?w=560&h=350&fm=jpg&q=41&fit=crop&crop=faces","url":"/happymoosejuicesfbay"},"currentProducer":{"city":"San Francisco, CA","name":"Happy Moose Juice","shortDescription":"Happy Moose Juice makes cold-pressed juices, smoothies, and wellness shots. ","slug":"happymoosejuicesfbay","thumbnailUrl":"https://goodeggs4.imgix.net/no9HLdKDQiWJcOBTWx1Q_HMJ Ryan Colwell Ranch Rich - H. Moose Joose.JPG?w=560&h=350&fm=jpg&q=41&fit=crop&crop=faces","url":"/happymoosejuicesfbay"},"otherProducers":[],"productType":"Wellness Shots","canSubscribe":false,"availabilitiesByDay":{"2021-05-24":{"status":"available","quantity":62},"2021-05-25":{"status":"available","quantity":62},"2021-05-26":{"status":"available","quantity":62},"2021-05-27":{"status":"available","quantity":62},"2021-05-28":{"status":"available","quantity":62},"2021-05-29":{"status":"available","quantity":62}},"isMealPlan":false},"5c1c290e6fea59000f006931":{"id":"5c1c290e6fea59000f006931","name":"Feel Mo' Betta","photoUrl":"https://goodeggs4.imgix.net/f0237e9e-574d-4add-886f-aec28e944b56.jpg?w=380&h=238&fm=jpg&auto=compress&fit=crop","url":"/sfbay/happymoosejuicesfbay/feel-mo-betta/5c1c290e6fea59000f006931","promotionalProductType":"none","isDeliveryRestricted":false,"orderTypes":["single"],"retailUnits":"2 fl oz","retailPrice":379,"quantityOptions":[{"quantitySubscriptionDiscount":0,"quantity":1},{"quantitySubscriptionDiscount":0,"quantity":2},{"quantitySubscriptionDiscount":0,"quantity":3},{"quantitySubscriptionDiscount":0,"quantity":4},{"quantitySubscriptionDiscount":0,"quantity":5},{"quantitySubscriptionDiscount":0,"quantity":6},{"quantitySubscriptionDiscount":0,"quantity":7},{"quantitySubscriptionDiscount":0,"quantity":8},{"quantitySubscriptionDiscount":0,"quantity":9},{"quantitySubscriptionDiscount":0,"quantity":10}],"quantityDetails":null,"comparisonUnitPrice":189,"comparisonUnitName":"fl oz","maxQuantity":10,"scheduleEntries":[],"vendor":{"city":"San Francisco, CA","name":"Happy Moose Juice","shortDescription":"Happy Moose Juice makes cold-pressed juices, smoothies, and wellness shots. ","slug":"happymoosejuicesfbay","thumbnailUrl":"https://goodeggs4.imgix.net/no9HLdKDQiWJcOBTWx1Q_HMJ Ryan Colwell Ranch Rich - H. Moose Joose.JPG?w=560&h=350&fm=jpg&q=41&fit=crop&crop=faces","url":"/happymoosejuicesfbay"},"currentProducer":{"city":"San Francisco, CA","name":"Happy Moose Juice","shortDescription":"Happy Moose Juice makes cold-pressed juices, smoothies, and wellness shots. ","slug":"happymoosejuicesfbay","thumbnailUrl":"https://goodeggs4.imgix.net/no9HLdKDQiWJcOBTWx1Q_HMJ Ryan Colwell Ranch Rich - H. Moose Joose.JPG?w=560&h=350&fm=jpg&q=41&fit=crop&crop=faces","url":"/happymoosejuicesfbay"},"otherProducers":[],"productType":"Wellness Shots","canSubscribe":false,"availabilitiesByDay":{"2021-05-24":{"status":"available","quantity":38},"2021-05-25":{"status":"available","quantity":38},"2021-05-26":{"status":"available","quantity":38},"2021-05-27":{"status":"available","quantity":38},"2021-05-28":{"status":"available","quantity":38},"2021-05-29":{"status":"available","quantity":38}},"isMealPlan":false},"60819ce9062e280012c244ad":{"id":"60819ce9062e280012c244ad","name":"Organic Wellness Shot for Soreness","photoUrl":"https://goodeggs4.imgix.net/9d375c41-0b9d-4074-a789-09f56695170b.jpg?w=380&h=238&fm=jpg&auto=compress&fit=crop","url":"/sfbay/dose/organic-wellness-shot-for-soreness/60819ce9062e280012c244ad","promotionalProductType":"none","isDeliveryRestricted":false,"orderTypes":["single"],"retailUnits":"2 oz","retailPrice":399,"quantityOptions":[{"quantitySubscriptionDiscount":0,"quantity":1},{"quantitySubscriptionDiscount":0,"quantity":2},{"quantitySubscriptionDiscount":0,"quantity":3},{"quantitySubscriptionDiscount":0,"quantity":4},{"quantitySubscriptionDiscount":0,"quantity":5},{"quantitySubscriptionDiscount":0,"quantity":6},{"quantitySubscriptionDiscount":0,"quantity":7},{"quantitySubscriptionDiscount":0,"quantity":8},{"quantitySubscriptionDiscount":0,"quantity":9},{"quantitySubscriptionDiscount":0,"quantity":10}],"quantityDetails":"2 oz","comparisonUnitPrice":199,"comparisonUnitName":"oz","maxQuantity":10,"scheduleEntries":[],"vendor":{"city":"Los Angeles, CA","name":"Dose","shortDescription":"Dose is a a functional beverage company that combines high quality ingredients in efficacious doses for all facets of the body. ","slug":"dose","thumbnailUrl":"https://goodeggs4.imgix.net/b66f339d-8ec2-4430-bd36-71a523bb4c05.jpg?w=560&h=350&fm=jpg&q=41&fit=crop&crop=faces","url":"/dose"},"currentProducer":{"city":"Los Angeles, CA","name":"Dose","shortDescription":"Dose is a a functional beverage company that combines high quality ingredients in efficacious doses for all facets of the body. ","slug":"dose","thumbnailUrl":"https://goodeggs4.imgix.net/b66f339d-8ec2-4430-bd36-71a523bb4c05.jpg?w=560&h=350&fm=jpg&q=41&fit=crop&crop=faces","url":"/dose"},"otherProducers":[],"productType":"Wellness Shots","canSubscribe":false,"availabilitiesByDay":{"2021-05-24":{"status":"available","quantity":83},"2021-05-25":{"status":"available","quantity":83},"2021-05-26":{"status":"available","quantity":83},"2021-05-27":{"status":"available","quantity":83},"2021-05-28":{"status":"available","quantity":83},"2021-05-29":{"status":"available","quantity":83}},"isMealPlan":false},"6037d71db73943000e6d9019":{"id":"6037d71db73943000e6d9019","name":"Belly Boost Shot","photoUrl":"https://goodeggs4.imgix.net/3f30ff00-8375-11eb-9783-f3d67f42bb6b?w=380&h=238&fm=jpg&auto=compress&fit=crop","url":"/sfbay/happymoosejuicesfbay/belly-boost-shot/6037d71db73943000e6d9019","promotionalProductType":"none","isDeliveryRestricted":false,"orderTypes":["single"],"retailUnits":"2 fl oz","retailPrice":379,"quantityOptions":[{"quantitySubscriptionDiscount":0,"quantity":1},{"quantitySubscriptionDiscount":0,"quantity":2},{"quantitySubscriptionDiscount":0,"quantity":3},{"quantitySubscriptionDiscount":0,"quantity":4},{"quantitySubscriptionDiscount":0,"quantity":5},{"quantitySubscriptionDiscount":0,"quantity":6},{"quantitySubscriptionDiscount":0,"quantity":7},{"quantitySubscriptionDiscount":0,"quantity":8},{"quantitySubscriptionDiscount":0,"quantity":9},{"quantitySubscriptionDiscount":0,"quantity":10}],"quantityDetails":"2 fl oz","comparisonUnitPrice":189,"comparisonUnitName":"fl oz","maxQuantity":10,"scheduleEntries":[],"vendor":{"city":"San Francisco, CA","name":"Happy Moose Juice","shortDescription":"Happy Moose Juice makes cold-pressed juices, smoothies, and wellness shots. ","slug":"happymoosejuicesfbay","thumbnailUrl":"https://goodeggs4.imgix.net/no9HLdKDQiWJcOBTWx1Q_HMJ Ryan Colwell Ranch Rich - H. Moose Joose.JPG?w=560&h=350&fm=jpg&q=41&fit=crop&crop=faces","url":"/happymoosejuicesfbay"},"currentProducer":{"city":"San Francisco, CA","name":"Happy Moose Juice","shortDescription":"Happy Moose Juice makes cold-pressed juices, smoothies, and wellness shots. ","slug":"happymoosejuicesfbay","thumbnailUrl":"https://goodeggs4.imgix.net/no9HLdKDQiWJcOBTWx1Q_HMJ Ryan Colwell Ranch Rich - H. Moose Joose.JPG?w=560&h=350&fm=jpg&q=41&fit=crop&crop=faces","url":"/happymoosejuicesfbay"},"otherProducers":[],"productType":"Wellness Shots","canSubscribe":false,"availabilitiesByDay":{"2021-05-24":{"status":"available","quantity":64},"2021-05-25":{"status":"available","quantity":64},"2021-05-26":{"status":"available","quantity":64},"2021-05-27":{"status":"available","quantity":64},"2021-05-28":{"status":"available","quantity":64},"2021-05-29":{"status":"available","quantity":64}},"isMealPlan":false},"6037e676451540000eafcb5c":{"id":"6037e676451540000eafcb5c","name":"Pep In Ya' Step Energy Shot","photoUrl":"https://goodeggs4.imgix.net/3f312611-8375-11eb-9783-f3d67f42bb6b?w=380&h=238&fm=jpg&auto=compress&fit=crop","url":"/sfbay/happymoosejuicesfbay/pep-in-ya-step-energy-shot/6037e676451540000eafcb5c","promotionalProductType":"none","isDeliveryRestricted":false,"orderTypes":["single"],"retailUnits":"2 fl oz","retailPrice":379,"quantityOptions":[{"quantitySubscriptionDiscount":0,"quantity":1},{"quantitySubscriptionDiscount":0,"quantity":2},{"quantitySubscriptionDiscount":0,"quantity":3},{"quantitySubscriptionDiscount":0,"quantity":4},{"quantitySubscriptionDiscount":0,"quantity":5},{"quantitySubscriptionDiscount":0,"quantity":6},{"quantitySubscriptionDiscount":0,"quantity":7},{"quantitySubscriptionDiscount":0,"quantity":8},{"quantitySubscriptionDiscount":0,"quantity":9},{"quantitySubscriptionDiscount":0,"quantity":10}],"quantityDetails":"2 fl oz","comparisonUnitPrice":189,"comparisonUnitName":"fl oz","maxQuantity":10,"scheduleEntries":[],"vendor":{"city":"San Francisco, CA","name":"Happy Moose Juice","shortDescription":"Happy Moose Juice makes cold-pressed juices, smoothies, and wellness shots. ","slug":"happymoosejuicesfbay","thumbnailUrl":"https://goodeggs4.imgix.net/no9HLdKDQiWJcOBTWx1Q_HMJ Ryan Colwell Ranch Rich - H. Moose Joose.JPG?w=560&h=350&fm=jpg&q=41&fit=crop&crop=faces","url":"/happymoosejuicesfbay"},"currentProducer":{"city":"San Francisco, CA","name":"Happy Moose Juice","shortDescription":"Happy Moose Juice makes cold-pressed juices, smoothies, and wellness shots. ","slug":"happymoosejuicesfbay","thumbnailUrl":"https://goodeggs4.imgix.net/no9HLdKDQiWJcOBTWx1Q_HMJ Ryan Colwell Ranch Rich - H. Moose Joose.JPG?w=560&h=350&fm=jpg&q=41&fit=crop&crop=faces","url":"/happymoosejuicesfbay"},"otherProducers":[],"productType":"Wellness Shots","canSubscribe":false,"availabilitiesByDay":{"2021-05-24":{"status":"available","quantity":112},"2021-05-25":{"status":"available","quantity":112},"2021-05-26":{"status":"available","quantity":112},"2021-05-27":{"status":"available","quantity":112},"2021-05-28":{"status":"available","quantity":32},"2021-05-29":{"status":"available","quantity":32}},"isMealPlan":false},"608c6305f8f09f0012ad8cdc":{"id":"608c6305f8f09f0012ad8cdc","name":"Original Immunity Boost 4-Pack","photoUrl":"https://goodeggs4.imgix.net/88519a4c-5086-4534-8e2e-c1b5f554d08e.jpg?w=380&h=238&fm=jpg&auto=compress&fit=crop","url":"/sfbay/viveorganicsfbay/original-immunity-boost-4-pack/608c6305f8f09f0012ad8cdc","promotionalProductType":"none","isDeliveryRestricted":false,"orderTypes":["single"],"retailUnits":"4 count","retailPrice":1399,"quantityOptions":[{"quantitySubscriptionDiscount":0,"quantity":1},{"quantitySubscriptionDiscount":0,"quantity":2},{"quantitySubscriptionDiscount":0,"quantity":3},{"quantitySubscriptionDiscount":0,"quantity":4},{"quantitySubscriptionDiscount":0,"quantity":5},{"quantitySubscriptionDiscount":0,"quantity":6},{"quantitySubscriptionDiscount":0,"quantity":7},{"quantitySubscriptionDiscount":0,"quantity":8},{"quantitySubscriptionDiscount":0,"quantity":9},{"quantitySubscriptionDiscount":0,"quantity":10}],"quantityDetails":"4 - 2 oz each","comparisonUnitPrice":174,"comparisonUnitName":"fl oz","maxQuantity":10,"scheduleEntries":[],"vendor":{"city":"Venice, CA","name":"Vive Organic","shortDescription":"Vive Organic makes cold-pressed shots that deliver the freshest form of natural functional ingredients in a delicious single serving.","slug":"viveorganicsfbay","thumbnailUrl":"https://goodeggs4.imgix.net/bf3b7ed5-24dc-4ec3-ae93-a58bddf4d93e.jpg?w=560&h=350&fm=jpg&q=41&fit=crop&crop=faces","url":"/viveorganicsfbay"},"currentProducer":{"city":"Venice, CA","name":"Vive Organic","shortDescription":"Vive Organic makes cold-pressed shots that deliver the freshest form of natural functional ingredients in a delicious single serving.","slug":"viveorganicsfbay","thumbnailUrl":"https://goodeggs4.imgix.net/bf3b7ed5-24dc-4ec3-ae93-a58bddf4d93e.jpg?w=560&h=350&fm=jpg&q=41&fit=crop&crop=faces","url":"/viveorganicsfbay"},"otherProducers":[],"productType":"Wellness Shots","canSubscribe":false,"availabilitiesByDay":{"2021-05-24":{"status":"available","quantity":7},"2021-05-25":{"status":"available","quantity":7},"2021-05-26":{"status":"available","quantity":7},"2021-05-27":{"status":"available","quantity":7},"2021-05-28":{"status":"available","quantity":7},"2021-05-29":{"status":"available","quantity":7}},"isMealPlan":false},"6081a6a4062e280012c244ae":{"id":"6081a6a4062e280012c244ae","name":"Organic Wellness Shot for Immunity","photoUrl":"https://goodeggs4.imgix.net/6ae0e110-7f06-411e-b00f-cba4b4eb3a7f.jpg?w=380&h=238&fm=jpg&auto=compress&fit=crop","url":"/sfbay/dose/organic-wellness-shot-for-immunity/6081a6a4062e280012c244ae","promotionalProductType":"none","isDeliveryRestricted":false,"orderTypes":["single"],"retailUnits":"2 oz","retailPrice":399,"quantityOptions":[{"quantitySubscriptionDiscount":0,"quantity":1},{"quantitySubscriptionDiscount":0,"quantity":2},{"quantitySubscriptionDiscount":0,"quantity":3},{"quantitySubscriptionDiscount":0,"quantity":4},{"quantitySubscriptionDiscount":0,"quantity":5},{"quantitySubscriptionDiscount":0,"quantity":6},{"quantitySubscriptionDiscount":0,"quantity":7},{"quantitySubscriptionDiscount":0,"quantity":8},{"quantitySubscriptionDiscount":0,"quantity":9},{"quantitySubscriptionDiscount":0,"quantity":10}],"quantityDetails":"2 oz","comparisonUnitPrice":199,"comparisonUnitName":"oz","maxQuantity":10,"scheduleEntries":[],"vendor":{"city":"Los Angeles, CA","name":"Dose","shortDescription":"Dose is a a functional beverage company that combines high quality ingredients in efficacious doses for all facets of the body. ","slug":"dose","thumbnailUrl":"https://goodeggs4.imgix.net/b66f339d-8ec2-4430-bd36-71a523bb4c05.jpg?w=560&h=350&fm=jpg&q=41&fit=crop&crop=faces","url":"/dose"},"currentProducer":{"city":"Los Angeles, CA","name":"Dose","shortDescription":"Dose is a a functional beverage company that combines high quality ingredients in efficacious doses for all facets of the body. ","slug":"dose","thumbnailUrl":"https://goodeggs4.imgix.net/b66f339d-8ec2-4430-bd36-71a523bb4c05.jpg?w=560&h=350&fm=jpg&q=41&fit=crop&crop=faces","url":"/dose"},"otherProducers":[],"productType":"Wellness Shots","canSubscribe":false,"availabilitiesByDay":{"2021-05-24":{"status":"available","quantity":15},"2021-05-25":{"status":"available","quantity":15},"2021-05-26":{"status":"available","quantity":15},"2021-05-27":{"status":"available","quantity":15},"2021-05-28":{"status":"available","quantity":15},"2021-05-29":{"status":"available","quantity":15}},"isMealPlan":false},"5e069dfffd1e25000e8b7bd3":{"id":"5e069dfffd1e25000e8b7bd3","name":"Organic \"Stress Be Gone\" Honey Chamomile Moringa Shot","photoUrl":"https://goodeggs4.imgix.net/6ec03a9d-7562-4b10-9646-fc2e4c85d051.jpg?w=380&h=238&fm=jpg&auto=compress&fit=crop","url":"/sfbay/kulikulisfbay/organic-stress-be-gone-honey-chamomile-moringa-shot/5e069dfffd1e25000e8b7bd3","promotionalProductType":"none","isDeliveryRestricted":false,"orderTypes":["single"],"retailUnits":"2.5 fl oz","retailPrice":329,"quantityOptions":[{"quantitySubscriptionDiscount":0,"quantity":1},{"quantitySubscriptionDiscount":0,"quantity":2},{"quantitySubscriptionDiscount":0,"quantity":3},{"quantitySubscriptionDiscount":0,"quantity":4},{"quantitySubscriptionDiscount":0,"quantity":5},{"quantitySubscriptionDiscount":0,"quantity":6},{"quantitySubscriptionDiscount":0,"quantity":7},{"quantitySubscriptionDiscount":0,"quantity":8},{"quantitySubscriptionDiscount":0,"quantity":9},{"quantitySubscriptionDiscount":0,"quantity":10}],"quantityDetails":"2.5 fl oz","comparisonUnitPrice":131,"comparisonUnitName":"fl oz","maxQuantity":10,"scheduleEntries":[],"vendor":{"city":"Oakland, CA","name":"Kuli Kuli","shortDescription":"Kuli Kuli sources only the highest quality, most nutritious moringa through direct relationships with family farmers and women\u2019s cooperatives around the world. All Kuli Kuli products are organic, non-GMO, vegan, and gluten-free.","slug":"kulikulisfbay","thumbnailUrl":"https://goodeggs4.imgix.net/7721a800-3705-11ea-8af4-e966b076c79a?w=560&h=350&fm=jpg&q=41&fit=crop&crop=faces","url":"/kulikulisfbay"},"currentProducer":{"city":"Oakland, CA","name":"Kuli Kuli","shortDescription":"Kuli Kuli sources only the highest quality, most nutritious moringa through direct relationships with family farmers and women\u2019s cooperatives around the world. All Kuli Kuli products are organic, non-GMO, vegan, and gluten-free.","slug":"kulikulisfbay","thumbnailUrl":"https://goodeggs4.imgix.net/7721a800-3705-11ea-8af4-e966b076c79a?w=560&h=350&fm=jpg&q=41&fit=crop&crop=faces","url":"/kulikulisfbay"},"otherProducers":[],"productType":"Wellness Shots","canSubscribe":false,"availabilitiesByDay":{"2021-05-24":{"status":"available","quantity":22},"2021-05-25":{"status":"available","quantity":22},"2021-05-26":{"status":"available","quantity":22},"2021-05-27":{"status":"available","quantity":22},"2021-05-28":{"status":"available","quantity":22},"2021-05-29":{"status":"available","quantity":22}},"isMealPlan":false},"5d38be17d189c7000e91f1ac":{"id":"5d38be17d189c7000e91f1ac","name":"Organic Focus Shot","photoUrl":"https://goodeggs4.imgix.net/e55a8c40-71c6-4910-942d-1a4269ebe26a.jpg?w=380&h=238&fm=jpg&auto=compress&fit=crop","url":"/sfbay/californiajuicecosfbay/organic-focus-shot/5d38be17d189c7000e91f1ac","promotionalProductType":"none","isDeliveryRestricted":false,"orderTypes":["single"],"retailUnits":"2.2 fl oz","retailPrice":379,"quantityOptions":[{"quantitySubscriptionDiscount":0,"quantity":1},{"quantitySubscriptionDiscount":0,"quantity":2},{"quantitySubscriptionDiscount":0,"quantity":3},{"quantitySubscriptionDiscount":0,"quantity":4},{"quantitySubscriptionDiscount":0,"quantity":5},{"quantitySubscriptionDiscount":0,"quantity":6},{"quantitySubscriptionDiscount":0,"quantity":7},{"quantitySubscriptionDiscount":0,"quantity":8},{"quantitySubscriptionDiscount":0,"quantity":9},{"quantitySubscriptionDiscount":0,"quantity":10}],"quantityDetails":null,"comparisonUnitPrice":172,"comparisonUnitName":"fl oz","maxQuantity":10,"scheduleEntries":[],"vendor":{"city":"Santa Barbara, CA","name":"California Juice Company","shortDescription":"California Juice Co. grew from the desire to deliver wellness to employees at work. In 2014, they launched their fresh organic cold-pressed juice by partnering with like-minded companies looking to support their employee's health.","slug":"californiajuicecosfbay","thumbnailUrl":"https://goodeggs4.imgix.net/0bac4f44-d65c-4429-b918-61293d763386.jpg?w=560&h=350&fm=jpg&q=41&fit=crop&crop=faces","url":"/californiajuicecosfbay"},"currentProducer":{"city":"Santa Barbara, CA","name":"California Juice Company","shortDescription":"California Juice Co. grew from the desire to deliver wellness to employees at work. In 2014, they launched their fresh organic cold-pressed juice by partnering with like-minded companies looking to support their employee's health.","slug":"californiajuicecosfbay","thumbnailUrl":"https://goodeggs4.imgix.net/0bac4f44-d65c-4429-b918-61293d763386.jpg?w=560&h=350&fm=jpg&q=41&fit=crop&crop=faces","url":"/californiajuicecosfbay"},"otherProducers":[],"productType":"Wellness Shots","canSubscribe":false,"availabilitiesByDay":{"2021-05-24":{"status":"available","quantity":78},"2021-05-25":{"status":"available","quantity":78},"2021-05-26":{"status":"available","quantity":78},"2021-05-27":{"status":"available","quantity":78},"2021-05-28":{"status":"available","quantity":78},"2021-05-29":{"status":"available","quantity":78}},"isMealPlan":false},"5d38be5cc473a9000ef274ae":{"id":"5d38be5cc473a9000ef274ae","name":"Organic Immunity Shot","photoUrl":"https://goodeggs4.imgix.net/1618e5b2-5eea-486a-951d-95e9fe2fbb36.jpg?w=380&h=238&fm=jpg&auto=compress&fit=crop","url":"/sfbay/californiajuicecosfbay/organic-immunity-shot/5d38be5cc473a9000ef274ae","promotionalProductType":"none","isDeliveryRestricted":false,"orderTypes":["single"],"retailUnits":"2.2 fl oz","retailPrice":379,"quantityOptions":[{"quantitySubscriptionDiscount":0,"quantity":1},{"quantitySubscriptionDiscount":0,"quantity":2},{"quantitySubscriptionDiscount":0,"quantity":3},{"quantitySubscriptionDiscount":0,"quantity":4},{"quantitySubscriptionDiscount":0,"quantity":5},{"quantitySubscriptionDiscount":0,"quantity":6},{"quantitySubscriptionDiscount":0,"quantity":7},{"quantitySubscriptionDiscount":0,"quantity":8},{"quantitySubscriptionDiscount":0,"quantity":9},{"quantitySubscriptionDiscount":0,"quantity":10}],"quantityDetails":null,"comparisonUnitPrice":172,"comparisonUnitName":"fl oz","maxQuantity":10,"scheduleEntries":[],"vendor":{"city":"Santa Barbara, CA","name":"California Juice Company","shortDescription":"California Juice Co. grew from the desire to deliver wellness to employees at work. In 2014, they launched their fresh organic cold-pressed juice by partnering with like-minded companies looking to support their employee's health.","slug":"californiajuicecosfbay","thumbnailUrl":"https://goodeggs4.imgix.net/0bac4f44-d65c-4429-b918-61293d763386.jpg?w=560&h=350&fm=jpg&q=41&fit=crop&crop=faces","url":"/californiajuicecosfbay"},"currentProducer":{"city":"Santa Barbara, CA","name":"California Juice Company","shortDescription":"California Juice Co. grew from the desire to deliver wellness to employees at work. In 2014, they launched their fresh organic cold-pressed juice by partnering with like-minded companies looking to support their employee's health.","slug":"californiajuicecosfbay","thumbnailUrl":"https://goodeggs4.imgix.net/0bac4f44-d65c-4429-b918-61293d763386.jpg?w=560&h=350&fm=jpg&q=41&fit=crop&crop=faces","url":"/californiajuicecosfbay"},"otherProducers":[],"productType":"Wellness Shots","canSubscribe":false,"availabilitiesByDay":{"2021-05-24":{"status":"available","quantity":73},"2021-05-25":{"status":"available","quantity":73},"2021-05-26":{"status":"available","quantity":73},"2021-05-27":{"status":"available","quantity":73},"2021-05-28":{"status":"available","quantity":73},"2021-05-29":{"status":"available","quantity":73}},"isMealPlan":false},"608c65fbf8f09f0012ad8cdd":{"id":"608c65fbf8f09f0012ad8cdd","name":"Elderberry Boost Shot","photoUrl":"https://goodeggs4.imgix.net/78afa2a6-88db-4051-9099-519f7c5ef104.jpg?w=380&h=238&fm=jpg&auto=compress&fit=crop","url":"/sfbay/viveorganicsfbay/elderberry-boost-shot/608c65fbf8f09f0012ad8cdd","promotionalProductType":"none","isDeliveryRestricted":false,"orderTypes":["single"],"retailUnits":"2 fl oz","retailPrice":379,"quantityOptions":[{"quantitySubscriptionDiscount":0,"quantity":1},{"quantitySubscriptionDiscount":0,"quantity":2},{"quantitySubscriptionDiscount":0,"quantity":3},{"quantitySubscriptionDiscount":0,"quantity":4},{"quantitySubscriptionDiscount":0,"quantity":5},{"quantitySubscriptionDiscount":0,"quantity":6},{"quantitySubscriptionDiscount":0,"quantity":7},{"quantitySubscriptionDiscount":0,"quantity":8},{"quantitySubscriptionDiscount":0,"quantity":9},{"quantitySubscriptionDiscount":0,"quantity":10}],"quantityDetails":"2 fl oz","comparisonUnitPrice":189,"comparisonUnitName":"fl oz","maxQuantity":10,"scheduleEntries":[],"vendor":{"city":"Venice, CA","name":"Vive Organic","shortDescription":"Vive Organic makes cold-pressed shots that deliver the freshest form of natural functional ingredients in a delicious single serving.","slug":"viveorganicsfbay","thumbnailUrl":"https://goodeggs4.imgix.net/bf3b7ed5-24dc-4ec3-ae93-a58bddf4d93e.jpg?w=560&h=350&fm=jpg&q=41&fit=crop&crop=faces","url":"/viveorganicsfbay"},"currentProducer":{"city":"Venice, CA","name":"Vive Organic","shortDescription":"Vive Organic makes cold-pressed shots that deliver the freshest form of natural functional ingredients in a delicious single serving.","slug":"viveorganicsfbay","thumbnailUrl":"https://goodeggs4.imgix.net/bf3b7ed5-24dc-4ec3-ae93-a58bddf4d93e.jpg?w=560&h=350&fm=jpg&q=41&fit=crop&crop=faces","url":"/viveorganicsfbay"},"otherProducers":[],"productType":"Wellness Shots","canSubscribe":false,"availabilitiesByDay":{"2021-05-24":{"status":"available","quantity":19},"2021-05-25":{"status":"available","quantity":19},"2021-05-26":{"status":"available","quantity":19},"2021-05-27":{"status":"available","quantity":19},"2021-05-28":{"status":"available","quantity":19},"2021-05-29":{"status":"available","quantity":19}},"isMealPlan":false},"5e069d7a653c48000e57b8b2":{"id":"5e069d7a653c48000e57b8b2","name":"Organic \"Get Well Soon\" Vitamin C Moringa Shot","photoUrl":"https://goodeggs4.imgix.net/1aeb1b9f-6317-43aa-b768-00c9ace723fc.jpg?w=380&h=238&fm=jpg&auto=compress&fit=crop","url":"/sfbay/kulikulisfbay/organic-get-well-soon-vitamin-c-moringa-shot/5e069d7a653c48000e57b8b2","promotionalProductType":"none","isDeliveryRestricted":false,"orderTypes":["single"],"retailUnits":"2.5 fl oz","retailPrice":329,"quantityOptions":[{"quantitySubscriptionDiscount":0,"quantity":1},{"quantitySubscriptionDiscount":0,"quantity":2},{"quantitySubscriptionDiscount":0,"quantity":3},{"quantitySubscriptionDiscount":0,"quantity":4},{"quantitySubscriptionDiscount":0,"quantity":5},{"quantitySubscriptionDiscount":0,"quantity":6},{"quantitySubscriptionDiscount":0,"quantity":7},{"quantitySubscriptionDiscount":0,"quantity":8},{"quantitySubscriptionDiscount":0,"quantity":9},{"quantitySubscriptionDiscount":0,"quantity":10}],"quantityDetails":"2.5 fl oz","comparisonUnitPrice":131,"comparisonUnitName":"fl oz","maxQuantity":10,"scheduleEntries":[],"vendor":{"city":"Oakland, CA","name":"Kuli Kuli","shortDescription":"Kuli Kuli sources only the highest quality, most nutritious moringa through direct relationships with family farmers and women\u2019s cooperatives around the world. All Kuli Kuli products are organic, non-GMO, vegan, and gluten-free.","slug":"kulikulisfbay","thumbnailUrl":"https://goodeggs4.imgix.net/7721a800-3705-11ea-8af4-e966b076c79a?w=560&h=350&fm=jpg&q=41&fit=crop&crop=faces","url":"/kulikulisfbay"},"currentProducer":{"city":"Oakland, CA","name":"Kuli Kuli","shortDescription":"Kuli Kuli sources only the highest quality, most nutritious moringa through direct relationships with family farmers and women\u2019s cooperatives around the world. All Kuli Kuli products are organic, non-GMO, vegan, and gluten-free.","slug":"kulikulisfbay","thumbnailUrl":"https://goodeggs4.imgix.net/7721a800-3705-11ea-8af4-e966b076c79a?w=560&h=350&fm=jpg&q=41&fit=crop&crop=faces","url":"/kulikulisfbay"},"otherProducers":[],"productType":"Wellness Shots","canSubscribe":false,"availabilitiesByDay":{"2021-05-24":{"status":"available","quantity":45},"2021-05-25":{"status":"available","quantity":45},"2021-05-26":{"status":"available","quantity":45},"2021-05-27":{"status":"available","quantity":45},"2021-05-28":{"status":"available","quantity":45},"2021-05-29":{"status":"available","quantity":45}},"isMealPlan":false},"5d38bea9d189c7000e91f1e7":{"id":"5d38bea9d189c7000e91f1e7","name":"Organic Revive Shot","photoUrl":"https://goodeggs4.imgix.net/6796598a-3652-4609-8927-8c5b1c4e1ffd.jpg?w=380&h=238&fm=jpg&auto=compress&fit=crop","url":"/sfbay/californiajuicecosfbay/organic-revive-shot/5d38bea9d189c7000e91f1e7","promotionalProductType":"none","isDeliveryRestricted":false,"orderTypes":["single"],"retailUnits":"2.2 fl oz","retailPrice":379,"quantityOptions":[{"quantitySubscriptionDiscount":0,"quantity":1},{"quantitySubscriptionDiscount":0,"quantity":2},{"quantitySubscriptionDiscount":0,"quantity":3},{"quantitySubscriptionDiscount":0,"quantity":4},{"quantitySubscriptionDiscount":0,"quantity":5},{"quantitySubscriptionDiscount":0,"quantity":6},{"quantitySubscriptionDiscount":0,"quantity":7},{"quantitySubscriptionDiscount":0,"quantity":8},{"quantitySubscriptionDiscount":0,"quantity":9},{"quantitySubscriptionDiscount":0,"quantity":10}],"quantityDetails":null,"comparisonUnitPrice":172,"comparisonUnitName":"fl oz","maxQuantity":10,"scheduleEntries":[],"vendor":{"city":"Santa Barbara, CA","name":"California Juice Company","shortDescription":"California Juice Co. grew from the desire to deliver wellness to employees at work. In 2014, they launched their fresh organic cold-pressed juice by partnering with like-minded companies looking to support their employee's health.","slug":"californiajuicecosfbay","thumbnailUrl":"https://goodeggs4.imgix.net/0bac4f44-d65c-4429-b918-61293d763386.jpg?w=560&h=350&fm=jpg&q=41&fit=crop&crop=faces","url":"/californiajuicecosfbay"},"currentProducer":{"city":"Santa Barbara, CA","name":"California Juice Company","shortDescription":"California Juice Co. grew from the desire to deliver wellness to employees at work. In 2014, they launched their fresh organic cold-pressed juice by partnering with like-minded companies looking to support their employee's health.","slug":"californiajuicecosfbay","thumbnailUrl":"https://goodeggs4.imgix.net/0bac4f44-d65c-4429-b918-61293d763386.jpg?w=560&h=350&fm=jpg&q=41&fit=crop&crop=faces","url":"/californiajuicecosfbay"},"otherProducers":[],"productType":"Wellness Shots","canSubscribe":false,"availabilitiesByDay":{"2021-05-24":{"status":"available","quantity":23},"2021-05-25":{"status":"available","quantity":23},"2021-05-26":{"status":"available","quantity":23},"2021-05-27":{"status":"available","quantity":23},"2021-05-28":{"status":"available","quantity":23},"2021-05-29":{"status":"available","quantity":23}},"isMealPlan":false},"608c67e699b4eb00123fefa7":{"id":"608c67e699b4eb00123fefa7","name":"Energy+Focus Immunity Shot","photoUrl":"https://goodeggs4.imgix.net/1cdec226-fc14-495f-856f-bf31ff4ac83e.jpg?w=380&h=238&fm=jpg&auto=compress&fit=crop","url":"/sfbay/viveorganicsfbay/energy-focus-immunity-shot/608c67e699b4eb00123fefa7","promotionalProductType":"none","isDeliveryRestricted":false,"orderTypes":["single"],"retailUnits":"2 fl oz","retailPrice":379,"quantityOptions":[{"quantitySubscriptionDiscount":0,"quantity":1},{"quantitySubscriptionDiscount":0,"quantity":2},{"quantitySubscriptionDiscount":0,"quantity":3},{"quantitySubscriptionDiscount":0,"quantity":4},{"quantitySubscriptionDiscount":0,"quantity":5},{"quantitySubscriptionDiscount":0,"quantity":6},{"quantitySubscriptionDiscount":0,"quantity":7},{"quantitySubscriptionDiscount":0,"quantity":8},{"quantitySubscriptionDiscount":0,"quantity":9},{"quantitySubscriptionDiscount":0,"quantity":10}],"quantityDetails":"2 fl oz","comparisonUnitPrice":189,"comparisonUnitName":"fl oz","maxQuantity":10,"scheduleEntries":[],"vendor":{"city":"Venice, CA","name":"Vive Organic","shortDescription":"Vive Organic makes cold-pressed shots that deliver the freshest form of natural functional ingredients in a delicious single serving.","slug":"viveorganicsfbay","thumbnailUrl":"https://goodeggs4.imgix.net/bf3b7ed5-24dc-4ec3-ae93-a58bddf4d93e.jpg?w=560&h=350&fm=jpg&q=41&fit=crop&crop=faces","url":"/viveorganicsfbay"},"currentProducer":{"city":"Venice, CA","name":"Vive Organic","shortDescription":"Vive Organic makes cold-pressed shots that deliver the freshest form of natural functional ingredients in a delicious single serving.","slug":"viveorganicsfbay","thumbnailUrl":"https://goodeggs4.imgix.net/bf3b7ed5-24dc-4ec3-ae93-a58bddf4d93e.jpg?w=560&h=350&fm=jpg&q=41&fit=crop&crop=faces","url":"/viveorganicsfbay"},"otherProducers":[],"productType":"Wellness Shots","canSubscribe":false,"availabilitiesByDay":{"2021-05-24":{"status":"available","quantity":34},"2021-05-25":{"status":"available","quantity":34},"2021-05-26":{"status":"available","quantity":34},"2021-05-27":{"status":"available","quantity":34},"2021-05-28":{"status":"available","quantity":34},"2021-05-29":{"status":"available","quantity":34}},"isMealPlan":false},"608c64dc282e1e0012b89e93":{"id":"608c64dc282e1e0012b89e93","name":"Elderberry Boost 4-Pack","photoUrl":"https://goodeggs4.imgix.net/415af2ec-c895-4b10-a0b6-2628eddf719e.jpg?w=380&h=238&fm=jpg&auto=compress&fit=crop","url":"/sfbay/viveorganicsfbay/elderberry-boost-4-pack/608c64dc282e1e0012b89e93","promotionalProductType":"none","isDeliveryRestricted":false,"orderTypes":["single"],"retailUnits":"4 count","retailPrice":1399,"quantityOptions":[{"quantitySubscriptionDiscount":0,"quantity":1},{"quantitySubscriptionDiscount":0,"quantity":2},{"quantitySubscriptionDiscount":0,"quantity":3},{"quantitySubscriptionDiscount":0,"quantity":4},{"quantitySubscriptionDiscount":0,"quantity":5},{"quantitySubscriptionDiscount":0,"quantity":6},{"quantitySubscriptionDiscount":0,"quantity":7},{"quantitySubscriptionDiscount":0,"quantity":8},{"quantitySubscriptionDiscount":0,"quantity":9},{"quantitySubscriptionDiscount":0,"quantity":10}],"quantityDetails":"4 - 2 oz each","comparisonUnitPrice":174,"comparisonUnitName":"fl oz","maxQuantity":10,"scheduleEntries":[],"vendor":{"city":"Venice, CA","name":"Vive Organic","shortDescription":"Vive Organic makes cold-pressed shots that deliver the freshest form of natural functional ingredients in a delicious single serving.","slug":"viveorganicsfbay","thumbnailUrl":"https://goodeggs4.imgix.net/bf3b7ed5-24dc-4ec3-ae93-a58bddf4d93e.jpg?w=560&h=350&fm=jpg&q=41&fit=crop&crop=faces","url":"/viveorganicsfbay"},"currentProducer":{"city":"Venice, CA","name":"Vive Organic","shortDescription":"Vive Organic makes cold-pressed shots that deliver the freshest form of natural functional ingredients in a delicious single serving.","slug":"viveorganicsfbay","thumbnailUrl":"https://goodeggs4.imgix.net/bf3b7ed5-24dc-4ec3-ae93-a58bddf4d93e.jpg?w=560&h=350&fm=jpg&q=41&fit=crop&crop=faces","url":"/viveorganicsfbay"},"otherProducers":[],"productType":"Wellness Shots","canSubscribe":false,"availabilitiesByDay":{"2021-05-24":{"status":"available","quantity":17},"2021-05-25":{"status":"available","quantity":17},"2021-05-26":{"status":"available","quantity":17},"2021-05-27":{"status":"available","quantity":17},"2021-05-28":{"status":"available","quantity":17},"2021-05-29":{"status":"available","quantity":17}},"isMealPlan":false},"5eaca531ed6043000e7a9087":{"id":"5eaca531ed6043000e7a9087","name":"Chocolate Plant Based Protein Powder","photoUrl":"https://goodeggs4.imgix.net/2092b195-ed17-422d-9ade-9bffca689323.jpg?w=380&h=238&fm=jpg&auto=compress&fit=crop","url":"/sfbay/aloha/chocolate-plant-based-protein-powder/5eaca531ed6043000e7a9087","promotionalProductType":"none","isDeliveryRestricted":false,"orderTypes":["single"],"retailUnits":"19 oz","retailPrice":3599,"quantityOptions":[{"quantitySubscriptionDiscount":0,"quantity":1},{"quantitySubscriptionDiscount":0,"quantity":2},{"quantitySubscriptionDiscount":0,"quantity":3},{"quantitySubscriptionDiscount":0,"quantity":4},{"quantitySubscriptionDiscount":0,"quantity":5},{"quantitySubscriptionDiscount":0,"quantity":6},{"quantitySubscriptionDiscount":0,"quantity":7},{"quantitySubscriptionDiscount":0,"quantity":8},{"quantitySubscriptionDiscount":0,"quantity":9},{"quantitySubscriptionDiscount":0,"quantity":10}],"quantityDetails":"19 oz, 15 servings","comparisonUnitPrice":189,"comparisonUnitName":"oz","maxQuantity":10,"scheduleEntries":[],"vendor":{"city":"Darien, CT","name":"Aloha ","shortDescription":"ALOHA is an independent plant-based protein company on a mission to support you living well.  They cut out the fads, diets, and myths of the wellness industry and have grounded themselves in the basics \u2014 simple, quality ingredients that taste as good as they are good for you. ","slug":"aloha","thumbnailUrl":"https://goodeggs4.imgix.net/98c941c0-8bfb-11ea-9696-97b766d5dcfa?w=560&h=350&fm=jpg&q=41&fit=crop&crop=faces","url":"/aloha"},"currentProducer":{"city":"Darien, CT","name":"Aloha ","shortDescription":"ALOHA is an independent plant-based protein company on a mission to support you living well.  They cut out the fads, diets, and myths of the wellness industry and have grounded themselves in the basics \u2014 simple, quality ingredients that taste as good as they are good for you. ","slug":"aloha","thumbnailUrl":"https://goodeggs4.imgix.net/98c941c0-8bfb-11ea-9696-97b766d5dcfa?w=560&h=350&fm=jpg&q=41&fit=crop&crop=faces","url":"/aloha"},"otherProducers":[],"productType":"Protein Powder","canSubscribe":false,"availabilitiesByDay":{"2021-05-24":{"status":"available","quantity":57},"2021-05-25":{"status":"available","quantity":57},"2021-05-26":{"status":"available","quantity":57},"2021-05-27":{"status":"available","quantity":57},"2021-05-28":{"status":"available","quantity":57},"2021-05-29":{"status":"available","quantity":57}},"isMealPlan":false},"5eaca4e52df849000e68ebd0":{"id":"5eaca4e52df849000e68ebd0","name":"Vanilla Plant Based Protein Powder","photoUrl":"https://goodeggs4.imgix.net/722f892d-d2e5-4076-b955-a53f6cc02322.jpg?w=380&h=238&fm=jpg&auto=compress&fit=crop","url":"/sfbay/aloha/vanilla-plant-based-protein-powder/5eaca4e52df849000e68ebd0","promotionalProductType":"none","isDeliveryRestricted":false,"orderTypes":["single"],"retailUnits":"18.5 oz","retailPrice":3599,"quantityOptions":[{"quantitySubscriptionDiscount":0,"quantity":1},{"quantitySubscriptionDiscount":0,"quantity":2},{"quantitySubscriptionDiscount":0,"quantity":3},{"quantitySubscriptionDiscount":0,"quantity":4},{"quantitySubscriptionDiscount":0,"quantity":5},{"quantitySubscriptionDiscount":0,"quantity":6},{"quantitySubscriptionDiscount":0,"quantity":7},{"quantitySubscriptionDiscount":0,"quantity":8},{"quantitySubscriptionDiscount":0,"quantity":9},{"quantitySubscriptionDiscount":0,"quantity":10}],"quantityDetails":"18.5 oz, 15 servings","comparisonUnitPrice":194,"comparisonUnitName":"oz","maxQuantity":10,"scheduleEntries":[],"vendor":{"city":"Darien, CT","name":"Aloha ","shortDescription":"ALOHA is an independent plant-based protein company on a mission to support you living well.  They cut out the fads, diets, and myths of the wellness industry and have grounded themselves in the basics \u2014 simple, quality ingredients that taste as good as they are good for you. ","slug":"aloha","thumbnailUrl":"https://goodeggs4.imgix.net/98c941c0-8bfb-11ea-9696-97b766d5dcfa?w=560&h=350&fm=jpg&q=41&fit=crop&crop=faces","url":"/aloha"},"currentProducer":{"city":"Darien, CT","name":"Aloha ","shortDescription":"ALOHA is an independent plant-based protein company on a mission to support you living well.  They cut out the fads, diets, and myths of the wellness industry and have grounded themselves in the basics \u2014 simple, quality ingredients that taste as good as they are good for you. ","slug":"aloha","thumbnailUrl":"https://goodeggs4.imgix.net/98c941c0-8bfb-11ea-9696-97b766d5dcfa?w=560&h=350&fm=jpg&q=41&fit=crop&crop=faces","url":"/aloha"},"otherProducers":[],"productType":"Protein Powder","canSubscribe":false,"availabilitiesByDay":{"2021-05-24":{"status":"available","quantity":56},"2021-05-25":{"status":"available","quantity":56},"2021-05-26":{"status":"available","quantity":56},"2021-05-27":{"status":"available","quantity":56},"2021-05-28":{"status":"available","quantity":56},"2021-05-29":{"status":"available","quantity":56}},"isMealPlan":false},"5f9234942d71e9000e321f7d":{"id":"5f9234942d71e9000e321f7d","name":"Vanilla Protein Powder","photoUrl":"https://goodeggs4.imgix.net/6b584e27-7b77-4aa0-aaf9-556f8fdce2bf.jpg?w=380&h=238&fm=jpg&auto=compress&fit=crop","url":"/sfbay/oraorganic/vanilla-protein-powder/5f9234942d71e9000e321f7d","promotionalProductType":"none","isDeliveryRestricted":false,"orderTypes":["single"],"retailUnits":"21.2 oz","retailPrice":3799,"quantityOptions":[{"quantitySubscriptionDiscount":0,"quantity":1},{"quantitySubscriptionDiscount":0,"quantity":2},{"quantitySubscriptionDiscount":0,"quantity":3},{"quantitySubscriptionDiscount":0,"quantity":4},{"quantitySubscriptionDiscount":0,"quantity":5},{"quantitySubscriptionDiscount":0,"quantity":6},{"quantitySubscriptionDiscount":0,"quantity":7},{"quantitySubscriptionDiscount":0,"quantity":8},{"quantitySubscriptionDiscount":0,"quantity":9},{"quantitySubscriptionDiscount":0,"quantity":10}],"quantityDetails":"21.2 oz, 20 servings","comparisonUnitPrice":null,"comparisonUnitName":null,"maxQuantity":10,"scheduleEntries":[],"vendor":{"city":"Austin, TX","name":"Ora Organic","shortDescription":"Ora Organic creates products without the use of anything artificial, only use plant-based ingredients, and source organic wherever possible.","slug":"oraorganic","thumbnailUrl":"https://goodeggs4.imgix.net/bdd11e40-14ca-11eb-839b-9b7371ce7055?w=560&h=350&fm=jpg&q=41&fit=crop&crop=faces","url":"/oraorganic"},"currentProducer":{"city":"Austin, TX","name":"Ora Organic","shortDescription":"Ora Organic creates products without the use of anything artificial, only use plant-based ingredients, and source organic wherever possible.","slug":"oraorganic","thumbnailUrl":"https://goodeggs4.imgix.net/bdd11e40-14ca-11eb-839b-9b7371ce7055?w=560&h=350&fm=jpg&q=41&fit=crop&crop=faces","url":"/oraorganic"},"otherProducers":[],"productType":"Protein Powder","canSubscribe":false,"availabilitiesByDay":{"2021-05-24":{"status":"available","quantity":70},"2021-05-25":{"status":"available","quantity":70},"2021-05-26":{"status":"available","quantity":70},"2021-05-27":{"status":"available","quantity":70},"2021-05-28":{"status":"available","quantity":70},"2021-05-29":{"status":"available","quantity":70}},"isMealPlan":false},"5e7ab93dca280b000e899116":{"id":"5e7ab93dca280b000e899116","name":"Chocolate Coconut Collagen Fuel Canister","photoUrl":"https://goodeggs4.imgix.net/bfeef151-f8f9-45a7-a69b-83836ef51db5.jpg?w=380&h=238&fm=jpg&auto=compress&fit=crop","url":"/sfbay/primalkitchensfbay/chocolate-coconut-collagen-fuel-canister/5e7ab93dca280b000e899116","promotionalProductType":"none","isDeliveryRestricted":false,"orderTypes":["single"],"retailUnits":"13.9 oz","retailPrice":3999,"quantityOptions":[{"quantitySubscriptionDiscount":0,"quantity":1},{"quantitySubscriptionDiscount":0,"quantity":2},{"quantitySubscriptionDiscount":0,"quantity":3},{"quantitySubscriptionDiscount":0,"quantity":4},{"quantitySubscriptionDiscount":0,"quantity":5},{"quantitySubscriptionDiscount":0,"quantity":6},{"quantitySubscriptionDiscount":0,"quantity":7},{"quantitySubscriptionDiscount":0,"quantity":8},{"quantitySubscriptionDiscount":0,"quantity":9},{"quantitySubscriptionDiscount":0,"quantity":10}],"quantityDetails":"13.9 oz, 24 servings","comparisonUnitPrice":287,"comparisonUnitName":"oz","maxQuantity":10,"scheduleEntries":[],"vendor":{"city":"Oxnard, CA","name":"Primal Kitchen","shortDescription":"Mark Sisson spent years researching and experimenting and found that just changing how he ate could help him regain his health and joy in life. No more sacrificing flavor for health. ","slug":"primalkitchensfbay","thumbnailUrl":"https://goodeggs4.imgix.net/6fdc528a-c6d5-4b2c-8e5f-e9f8d6f46493.jpg?w=560&h=350&fm=jpg&q=41&fit=crop&crop=faces","url":"/primalkitchensfbay"},"currentProducer":{"city":"Oxnard, CA","name":"Primal Kitchen","shortDescription":"Mark Sisson spent years researching and experimenting and found that just changing how he ate could help him regain his health and joy in life. No more sacrificing flavor for health. ","slug":"primalkitchensfbay","thumbnailUrl":"https://goodeggs4.imgix.net/6fdc528a-c6d5-4b2c-8e5f-e9f8d6f46493.jpg?w=560&h=350&fm=jpg&q=41&fit=crop&crop=faces","url":"/primalkitchensfbay"},"otherProducers":[],"productType":"Protein Powder","canSubscribe":false,"availabilitiesByDay":{"2021-05-24":{"status":"available","quantity":4},"2021-05-25":{"status":"available","quantity":4},"2021-05-26":{"status":"available","quantity":4},"2021-05-27":{"status":"available","quantity":4},"2021-05-28":{"status":"available","quantity":4},"2021-05-29":{"status":"available","quantity":4}},"isMealPlan":false},"5e9646b5bd63a5000e153508":{"id":"5e9646b5bd63a5000e153508","name":"Vanilla Coconut Collagen Fuel Canister","photoUrl":"https://goodeggs4.imgix.net/f5c850f1-a1bd-4a4a-bde8-b22d9a28e85c.jpg?w=380&h=238&fm=jpg&auto=compress&fit=crop","url":"/sfbay/primalkitchensfbay/vanilla-coconut-collagen-fuel-canister/5e9646b5bd63a5000e153508","promotionalProductType":"none","isDeliveryRestricted":false,"orderTypes":["single"],"retailUnits":"13.1 oz","retailPrice":3999,"quantityOptions":[{"quantitySubscriptionDiscount":0,"quantity":1},{"quantitySubscriptionDiscount":0,"quantity":2},{"quantitySubscriptionDiscount":0,"quantity":3},{"quantitySubscriptionDiscount":0,"quantity":4},{"quantitySubscriptionDiscount":0,"quantity":5},{"quantitySubscriptionDiscount":0,"quantity":6},{"quantitySubscriptionDiscount":0,"quantity":7},{"quantitySubscriptionDiscount":0,"quantity":8},{"quantitySubscriptionDiscount":0,"quantity":9},{"quantitySubscriptionDiscount":0,"quantity":10}],"quantityDetails":"12.1 oz, 24 servings","comparisonUnitPrice":305,"comparisonUnitName":"oz","maxQuantity":10,"scheduleEntries":[],"vendor":{"city":"Oxnard, CA","name":"Primal Kitchen","shortDescription":"Mark Sisson spent years researching and experimenting and found that just changing how he ate could help him regain his health and joy in life. No more sacrificing flavor for health. ","slug":"primalkitchensfbay","thumbnailUrl":"https://goodeggs4.imgix.net/6fdc528a-c6d5-4b2c-8e5f-e9f8d6f46493.jpg?w=560&h=350&fm=jpg&q=41&fit=crop&crop=faces","url":"/primalkitchensfbay"},"currentProducer":{"city":"Oxnard, CA","name":"Primal Kitchen","shortDescription":"Mark Sisson spent years researching and experimenting and found that just changing how he ate could help him regain his health and joy in life. No more sacrificing flavor for health. ","slug":"primalkitchensfbay","thumbnailUrl":"https://goodeggs4.imgix.net/6fdc528a-c6d5-4b2c-8e5f-e9f8d6f46493.jpg?w=560&h=350&fm=jpg&q=41&fit=crop&crop=faces","url":"/primalkitchensfbay"},"otherProducers":[],"productType":"Protein Powder","canSubscribe":false,"availabilitiesByDay":{"2021-05-24":{"status":"available","quantity":26},"2021-05-25":{"status":"available","quantity":26},"2021-05-26":{"status":"available","quantity":26},"2021-05-27":{"status":"available","quantity":26},"2021-05-28":{"status":"available","quantity":26},"2021-05-29":{"status":"available","quantity":26}},"isMealPlan":false},"5e964e324340ce000e34a0b0":{"id":"5e964e324340ce000e34a0b0","name":"Vanilla Coconut Collagen Fuel, Single Serve","photoUrl":"https://goodeggs4.imgix.net/91249e6b-8060-4d90-a0ec-3eee536b4ab5.jpg?w=380&h=238&fm=jpg&auto=compress&fit=crop","url":"/sfbay/primalkitchensfbay/vanilla-coconut-collagen-fuel-single-serve/5e964e324340ce000e34a0b0","promotionalProductType":"none","isDeliveryRestricted":false,"orderTypes":["single"],"retailUnits":"12 count","retailPrice":3499,"quantityOptions":[{"quantitySubscriptionDiscount":0,"quantity":1},{"quantitySubscriptionDiscount":0,"quantity":2},{"quantitySubscriptionDiscount":0,"quantity":3},{"quantitySubscriptionDiscount":0,"quantity":4},{"quantitySubscriptionDiscount":0,"quantity":5},{"quantitySubscriptionDiscount":0,"quantity":6},{"quantitySubscriptionDiscount":0,"quantity":7},{"quantitySubscriptionDiscount":0,"quantity":8},{"quantitySubscriptionDiscount":0,"quantity":9},{"quantitySubscriptionDiscount":0,"quantity":10}],"quantityDetails":"12 ct","comparisonUnitPrice":539,"comparisonUnitName":"oz","maxQuantity":10,"scheduleEntries":[],"vendor":{"city":"Oxnard, CA","name":"Primal Kitchen","shortDescription":"Mark Sisson spent years researching and experimenting and found that just changing how he ate could help him regain his health and joy in life. No more sacrificing flavor for health. ","slug":"primalkitchensfbay","thumbnailUrl":"https://goodeggs4.imgix.net/6fdc528a-c6d5-4b2c-8e5f-e9f8d6f46493.jpg?w=560&h=350&fm=jpg&q=41&fit=crop&crop=faces","url":"/primalkitchensfbay"},"currentProducer":{"city":"Oxnard, CA","name":"Primal Kitchen","shortDescription":"Mark Sisson spent years researching and experimenting and found that just changing how he ate could help him regain his health and joy in life. No more sacrificing flavor for health. ","slug":"primalkitchensfbay","thumbnailUrl":"https://goodeggs4.imgix.net/6fdc528a-c6d5-4b2c-8e5f-e9f8d6f46493.jpg?w=560&h=350&fm=jpg&q=41&fit=crop&crop=faces","url":"/primalkitchensfbay"},"otherProducers":[],"productType":"Protein Powder","canSubscribe":false,"availabilitiesByDay":{"2021-05-24":{"status":"available","quantity":21},"2021-05-25":{"status":"available","quantity":21},"2021-05-26":{"status":"available","quantity":21},"2021-05-27":{"status":"available","quantity":21},"2021-05-28":{"status":"available","quantity":21},"2021-05-29":{"status":"available","quantity":21}},"isMealPlan":false},"5e964c184340ce000e34a08f":{"id":"5e964c184340ce000e34a08f","name":"Chocolate Coconut Collagen Fuel, Single Serve","photoUrl":"https://goodeggs4.imgix.net/1044e8a2-a043-4ac5-9ba5-cd4545265515.jpg?w=380&h=238&fm=jpg&auto=compress&fit=crop","url":"/sfbay/primalkitchensfbay/chocolate-coconut-collagen-fuel-single-serve/5e964c184340ce000e34a08f","promotionalProductType":"none","isDeliveryRestricted":false,"orderTypes":["single"],"retailUnits":"12 count","retailPrice":3499,"quantityOptions":[{"quantitySubscriptionDiscount":0,"quantity":1},{"quantitySubscriptionDiscount":0,"quantity":2},{"quantitySubscriptionDiscount":0,"quantity":3},{"quantitySubscriptionDiscount":0,"quantity":4},{"quantitySubscriptionDiscount":0,"quantity":5},{"quantitySubscriptionDiscount":0,"quantity":6},{"quantitySubscriptionDiscount":0,"quantity":7},{"quantitySubscriptionDiscount":0,"quantity":8},{"quantitySubscriptionDiscount":0,"quantity":9},{"quantitySubscriptionDiscount":0,"quantity":10}],"quantityDetails":"12 ct","comparisonUnitPrice":502,"comparisonUnitName":"oz","maxQuantity":10,"scheduleEntries":[],"vendor":{"city":"Oxnard, CA","name":"Primal Kitchen","shortDescription":"Mark Sisson spent years researching and experimenting and found that just changing how he ate could help him regain his health and joy in life. No more sacrificing flavor for health. ","slug":"primalkitchensfbay","thumbnailUrl":"https://goodeggs4.imgix.net/6fdc528a-c6d5-4b2c-8e5f-e9f8d6f46493.jpg?w=560&h=350&fm=jpg&q=41&fit=crop&crop=faces","url":"/primalkitchensfbay"},"currentProducer":{"city":"Oxnard, CA","name":"Primal Kitchen","shortDescription":"Mark Sisson spent years researching and experimenting and found that just changing how he ate could help him regain his health and joy in life. No more sacrificing flavor for health. ","slug":"primalkitchensfbay","thumbnailUrl":"https://goodeggs4.imgix.net/6fdc528a-c6d5-4b2c-8e5f-e9f8d6f46493.jpg?w=560&h=350&fm=jpg&q=41&fit=crop&crop=faces","url":"/primalkitchensfbay"},"otherProducers":[],"productType":"Protein Powder","canSubscribe":false,"availabilitiesByDay":{"2021-05-24":{"status":"available","quantity":4},"2021-05-25":{"status":"available","quantity":4},"2021-05-26":{"status":"available","quantity":4},"2021-05-27":{"status":"available","quantity":4},"2021-05-28":{"status":"available","quantity":4},"2021-05-29":{"status":"available","quantity":4}},"isMealPlan":false},"5fbc4a6d13d510000e62ee14":{"id":"5fbc4a6d13d510000e62ee14","name":"CBD Infused Athletic Epsom Salt","photoUrl":"https://goodeggs4.imgix.net/2f86c78d-1080-460a-a116-e0624b2295e7.jpg?w=380&h=238&fm=jpg&auto=compress&fit=crop","url":"/sfbay/omwellness/cbd-infused-athletic-epsom-salt/5fbc4a6d13d510000e62ee14","promotionalProductType":"none","isDeliveryRestricted":false,"orderTypes":["single"],"retailUnits":"6.5 oz","retailPrice":1199,"quantityOptions":[{"quantitySubscriptionDiscount":0,"quantity":1},{"quantitySubscriptionDiscount":0,"quantity":2},{"quantitySubscriptionDiscount":0,"quantity":3},{"quantitySubscriptionDiscount":0,"quantity":4},{"quantitySubscriptionDiscount":0,"quantity":5},{"quantitySubscriptionDiscount":0,"quantity":6},{"quantitySubscriptionDiscount":0,"quantity":7},{"quantitySubscriptionDiscount":0,"quantity":8},{"quantitySubscriptionDiscount":0,"quantity":9},{"quantitySubscriptionDiscount":0,"quantity":10}],"quantityDetails":"6.5 oz","comparisonUnitPrice":null,"comparisonUnitName":null,"maxQuantity":10,"scheduleEntries":[],"vendor":{"city":"Oakland, CA","name":"OM Wellness","shortDescription":"OM Wellness makes all natural wellness products with Hemp derived CBD, therapeutic grade essential oils,  and all natural ingredients.  ","slug":"omwellness","thumbnailUrl":"https://goodeggs4.imgix.net/89399310-2b72-11eb-9657-d9c35a29305c?w=560&h=350&fm=jpg&q=41&fit=crop&crop=faces","url":"/omwellness"},"currentProducer":{"city":"Oakland, CA","name":"OM Wellness","shortDescription":"OM Wellness makes all natural wellness products with Hemp derived CBD, therapeutic grade essential oils,  and all natural ingredients.  ","slug":"omwellness","thumbnailUrl":"https://goodeggs4.imgix.net/89399310-2b72-11eb-9657-d9c35a29305c?w=560&h=350&fm=jpg&q=41&fit=crop&crop=faces","url":"/omwellness"},"otherProducers":[],"productType":"Minerals, Other","canSubscribe":false,"availabilitiesByDay":{"2021-05-24":{"status":"available","quantity":191},"2021-05-25":{"status":"available","quantity":191},"2021-05-26":{"status":"available","quantity":191},"2021-05-27":{"status":"available","quantity":191},"2021-05-28":{"status":"available","quantity":191},"2021-05-29":{"status":"available","quantity":191}},"isMealPlan":false},"5fbc4c0d8feb8f000e7e5bb0":{"id":"5fbc4c0d8feb8f000e7e5bb0","name":"CBD Infused Lavender Epsom Salt","photoUrl":"https://goodeggs4.imgix.net/0c0d03f3-f437-4388-a7c8-cdff47e6a499.jpg?w=380&h=238&fm=jpg&auto=compress&fit=crop","url":"/sfbay/omwellness/cbd-infused-lavender-epsom-salt/5fbc4c0d8feb8f000e7e5bb0","promotionalProductType":"none","isDeliveryRestricted":false,"orderTypes":["single"],"retailUnits":"6.5 oz","retailPrice":1199,"quantityOptions":[{"quantitySubscriptionDiscount":0,"quantity":1},{"quantitySubscriptionDiscount":0,"quantity":2},{"quantitySubscriptionDiscount":0,"quantity":3},{"quantitySubscriptionDiscount":0,"quantity":4},{"quantitySubscriptionDiscount":0,"quantity":5},{"quantitySubscriptionDiscount":0,"quantity":6},{"quantitySubscriptionDiscount":0,"quantity":7},{"quantitySubscriptionDiscount":0,"quantity":8},{"quantitySubscriptionDiscount":0,"quantity":9},{"quantitySubscriptionDiscount":0,"quantity":10}],"quantityDetails":"6.5 oz","comparisonUnitPrice":null,"comparisonUnitName":null,"maxQuantity":10,"scheduleEntries":[],"vendor":{"city":"Oakland, CA","name":"OM Wellness","shortDescription":"OM Wellness makes all natural wellness products with Hemp derived CBD, therapeutic grade essential oils,  and all natural ingredients.  ","slug":"omwellness","thumbnailUrl":"https://goodeggs4.imgix.net/89399310-2b72-11eb-9657-d9c35a29305c?w=560&h=350&fm=jpg&q=41&fit=crop&crop=faces","url":"/omwellness"},"currentProducer":{"city":"Oakland, CA","name":"OM Wellness","shortDescription":"OM Wellness makes all natural wellness products with Hemp derived CBD, therapeutic grade essential oils,  and all natural ingredients.  ","slug":"omwellness","thumbnailUrl":"https://goodeggs4.imgix.net/89399310-2b72-11eb-9657-d9c35a29305c?w=560&h=350&fm=jpg&q=41&fit=crop&crop=faces","url":"/omwellness"},"otherProducers":[],"productType":"Minerals, Other","canSubscribe":false,"availabilitiesByDay":{"2021-05-24":{"status":"available","quantity":257},"2021-05-25":{"status":"available","quantity":257},"2021-05-26":{"status":"available","quantity":257},"2021-05-27":{"status":"available","quantity":257},"2021-05-28":{"status":"available","quantity":257},"2021-05-29":{"status":"available","quantity":257}},"isMealPlan":false},"5fbc49dc8feb8f000e7e5b45":{"id":"5fbc49dc8feb8f000e7e5b45","name":"CBD Infused Rose Geranium Epsom Salt","photoUrl":"https://goodeggs4.imgix.net/404fd635-1bb2-4f47-a293-298cea50ca5e.jpg?w=380&h=238&fm=jpg&auto=compress&fit=crop","url":"/sfbay/omwellness/cbd-infused-rose-geranium-epsom-salt/5fbc49dc8feb8f000e7e5b45","promotionalProductType":"none","isDeliveryRestricted":false,"orderTypes":["single"],"retailUnits":"6.5 oz","retailPrice":1199,"quantityOptions":[{"quantitySubscriptionDiscount":0,"quantity":1},{"quantitySubscriptionDiscount":0,"quantity":2},{"quantitySubscriptionDiscount":0,"quantity":3},{"quantitySubscriptionDiscount":0,"quantity":4},{"quantitySubscriptionDiscount":0,"quantity":5},{"quantitySubscriptionDiscount":0,"quantity":6},{"quantitySubscriptionDiscount":0,"quantity":7},{"quantitySubscriptionDiscount":0,"quantity":8},{"quantitySubscriptionDiscount":0,"quantity":9},{"quantitySubscriptionDiscount":0,"quantity":10}],"quantityDetails":"6.5 oz","comparisonUnitPrice":null,"comparisonUnitName":null,"maxQuantity":10,"scheduleEntries":[],"vendor":{"city":"Oakland, CA","name":"OM Wellness","shortDescription":"OM Wellness makes all natural wellness products with Hemp derived CBD, therapeutic grade essential oils,  and all natural ingredients.  ","slug":"omwellness","thumbnailUrl":"https://goodeggs4.imgix.net/89399310-2b72-11eb-9657-d9c35a29305c?w=560&h=350&fm=jpg&q=41&fit=crop&crop=faces","url":"/omwellness"},"currentProducer":{"city":"Oakland, CA","name":"OM Wellness","shortDescription":"OM Wellness makes all natural wellness products with Hemp derived CBD, therapeutic grade essential oils,  and all natural ingredients.  ","slug":"omwellness","thumbnailUrl":"https://goodeggs4.imgix.net/89399310-2b72-11eb-9657-d9c35a29305c?w=560&h=350&fm=jpg&q=41&fit=crop&crop=faces","url":"/omwellness"},"otherProducers":[],"productType":"Minerals, Other","canSubscribe":false,"availabilitiesByDay":{"2021-05-24":{"status":"available","quantity":267},"2021-05-25":{"status":"available","quantity":267},"2021-05-26":{"status":"available","quantity":267},"2021-05-27":{"status":"available","quantity":267},"2021-05-28":{"status":"available","quantity":267},"2021-05-29":{"status":"available","quantity":267}},"isMealPlan":false},"5fbc4b998feb8f000e7e5b86":{"id":"5fbc4b998feb8f000e7e5b86","name":"CBD Infused Fragrance Free Epsom Salt","photoUrl":"https://goodeggs4.imgix.net/24969782-0f1a-4551-b318-0a07fe0ff4e0.jpg?w=380&h=238&fm=jpg&auto=compress&fit=crop","url":"/sfbay/omwellness/cbd-infused-fragrance-free-epsom-salt/5fbc4b998feb8f000e7e5b86","promotionalProductType":"none","isDeliveryRestricted":false,"orderTypes":["single"],"retailUnits":"6.5 oz","retailPrice":1199,"quantityOptions":[{"quantitySubscriptionDiscount":0,"quantity":1},{"quantitySubscriptionDiscount":0,"quantity":2},{"quantitySubscriptionDiscount":0,"quantity":3},{"quantitySubscriptionDiscount":0,"quantity":4},{"quantitySubscriptionDiscount":0,"quantity":5},{"quantitySubscriptionDiscount":0,"quantity":6},{"quantitySubscriptionDiscount":0,"quantity":7},{"quantitySubscriptionDiscount":0,"quantity":8},{"quantitySubscriptionDiscount":0,"quantity":9},{"quantitySubscriptionDiscount":0,"quantity":10}],"quantityDetails":"6.5 oz","comparisonUnitPrice":null,"comparisonUnitName":null,"maxQuantity":10,"scheduleEntries":[],"vendor":{"city":"Oakland, CA","name":"OM Wellness","shortDescription":"OM Wellness makes all natural wellness products with Hemp derived CBD, therapeutic grade essential oils,  and all natural ingredients.  ","slug":"omwellness","thumbnailUrl":"https://goodeggs4.imgix.net/89399310-2b72-11eb-9657-d9c35a29305c?w=560&h=350&fm=jpg&q=41&fit=crop&crop=faces","url":"/omwellness"},"currentProducer":{"city":"Oakland, CA","name":"OM Wellness","shortDescription":"OM Wellness makes all natural wellness products with Hemp derived CBD, therapeutic grade essential oils,  and all natural ingredients.  ","slug":"omwellness","thumbnailUrl":"https://goodeggs4.imgix.net/89399310-2b72-11eb-9657-d9c35a29305c?w=560&h=350&fm=jpg&q=41&fit=crop&crop=faces","url":"/omwellness"},"otherProducers":[],"productType":"Minerals, Other","canSubscribe":false,"availabilitiesByDay":{"2021-05-24":{"status":"available","quantity":44},"2021-05-25":{"status":"available","quantity":44},"2021-05-26":{"status":"available","quantity":44},"2021-05-27":{"status":"available","quantity":44},"2021-05-28":{"status":"available","quantity":44},"2021-05-29":{"status":"available","quantity":44}},"isMealPlan":false},"5fbc54389726cd000eb3df5c":{"id":"5fbc54389726cd000eb3df5c","name":"CBD Infused Rose Geranium Bath and Body Oil","photoUrl":"https://goodeggs4.imgix.net/9f9f2e30-7f59-4b77-ba4d-e46550a034c6.jpg?w=380&h=238&fm=jpg&auto=compress&fit=crop","url":"/sfbay/omwellness/cbd-infused-rose-geranium-bath-and-body-oil/5fbc54389726cd000eb3df5c","promotionalProductType":"none","isDeliveryRestricted":false,"orderTypes":["single"],"retailUnits":"2 oz","retailPrice":3399,"quantityOptions":[{"quantitySubscriptionDiscount":0,"quantity":1},{"quantitySubscriptionDiscount":0,"quantity":2},{"quantitySubscriptionDiscount":0,"quantity":3},{"quantitySubscriptionDiscount":0,"quantity":4},{"quantitySubscriptionDiscount":0,"quantity":5},{"quantitySubscriptionDiscount":0,"quantity":6},{"quantitySubscriptionDiscount":0,"quantity":7},{"quantitySubscriptionDiscount":0,"quantity":8},{"quantitySubscriptionDiscount":0,"quantity":9},{"quantitySubscriptionDiscount":0,"quantity":10}],"quantityDetails":"2 oz","comparisonUnitPrice":null,"comparisonUnitName":null,"maxQuantity":10,"scheduleEntries":[],"vendor":{"city":"Oakland, CA","name":"OM Wellness","shortDescription":"OM Wellness makes all natural wellness products with Hemp derived CBD, therapeutic grade essential oils,  and all natural ingredients.  ","slug":"omwellness","thumbnailUrl":"https://goodeggs4.imgix.net/89399310-2b72-11eb-9657-d9c35a29305c?w=560&h=350&fm=jpg&q=41&fit=crop&crop=faces","url":"/omwellness"},"currentProducer":{"city":"Oakland, CA","name":"OM Wellness","shortDescription":"OM Wellness makes all natural wellness products with Hemp derived CBD, therapeutic grade essential oils,  and all natural ingredients.  ","slug":"omwellness","thumbnailUrl":"https://goodeggs4.imgix.net/89399310-2b72-11eb-9657-d9c35a29305c?w=560&h=350&fm=jpg&q=41&fit=crop&crop=faces","url":"/omwellness"},"otherProducers":[],"productType":"Minerals, Other","canSubscribe":false,"availabilitiesByDay":{"2021-05-24":{"status":"available","quantity":45},"2021-05-25":{"status":"available","quantity":45},"2021-05-26":{"status":"available","quantity":45},"2021-05-27":{"status":"available","quantity":45},"2021-05-28":{"status":"available","quantity":45},"2021-05-29":{"status":"available","quantity":45}},"isMealPlan":false},"5fbc5016bae6f1000e3ec34d":{"id":"5fbc5016bae6f1000e3ec34d","name":"CBD Infused Lavender Bath and Body Oil","photoUrl":"https://goodeggs4.imgix.net/340de572-5020-4c01-8a18-f3e32df7a7bd.jpg?w=380&h=238&fm=jpg&auto=compress&fit=crop","url":"/sfbay/omwellness/cbd-infused-lavender-bath-and-body-oil/5fbc5016bae6f1000e3ec34d","promotionalProductType":"none","isDeliveryRestricted":false,"orderTypes":["single"],"retailUnits":"2 oz","retailPrice":3399,"quantityOptions":[{"quantitySubscriptionDiscount":0,"quantity":1},{"quantitySubscriptionDiscount":0,"quantity":2},{"quantitySubscriptionDiscount":0,"quantity":3},{"quantitySubscriptionDiscount":0,"quantity":4},{"quantitySubscriptionDiscount":0,"quantity":5},{"quantitySubscriptionDiscount":0,"quantity":6},{"quantitySubscriptionDiscount":0,"quantity":7},{"quantitySubscriptionDiscount":0,"quantity":8},{"quantitySubscriptionDiscount":0,"quantity":9},{"quantitySubscriptionDiscount":0,"quantity":10}],"quantityDetails":"2 oz","comparisonUnitPrice":null,"comparisonUnitName":null,"maxQuantity":10,"scheduleEntries":[],"vendor":{"city":"Oakland, CA","name":"OM Wellness","shortDescription":"OM Wellness makes all natural wellness products with Hemp derived CBD, therapeutic grade essential oils,  and all natural ingredients.  ","slug":"omwellness","thumbnailUrl":"https://goodeggs4.imgix.net/89399310-2b72-11eb-9657-d9c35a29305c?w=560&h=350&fm=jpg&q=41&fit=crop&crop=faces","url":"/omwellness"},"currentProducer":{"city":"Oakland, CA","name":"OM Wellness","shortDescription":"OM Wellness makes all natural wellness products with Hemp derived CBD, therapeutic grade essential oils,  and all natural ingredients.  ","slug":"omwellness","thumbnailUrl":"https://goodeggs4.imgix.net/89399310-2b72-11eb-9657-d9c35a29305c?w=560&h=350&fm=jpg&q=41&fit=crop&crop=faces","url":"/omwellness"},"otherProducers":[],"productType":"Minerals, Other","canSubscribe":false,"availabilitiesByDay":{"2021-05-24":{"status":"available","quantity":89},"2021-05-25":{"status":"available","quantity":89},"2021-05-26":{"status":"available","quantity":89},"2021-05-27":{"status":"available","quantity":89},"2021-05-28":{"status":"available","quantity":89},"2021-05-29":{"status":"available","quantity":89}},"isMealPlan":false},"5fbc565295876f000f0a5181":{"id":"5fbc565295876f000f0a5181","name":"CBD Infused Fragrance Free Bath and Body Oil","photoUrl":"https://goodeggs4.imgix.net/f56b3ae4-6481-46cd-8819-884b3894f4ce.jpg?w=380&h=238&fm=jpg&auto=compress&fit=crop","url":"/sfbay/omwellness/cbd-infused-fragrance-free-bath-and-body-oil/5fbc565295876f000f0a5181","promotionalProductType":"none","isDeliveryRestricted":false,"orderTypes":["single"],"retailUnits":"2 oz","retailPrice":3399,"quantityOptions":[{"quantitySubscriptionDiscount":0,"quantity":1},{"quantitySubscriptionDiscount":0,"quantity":2},{"quantitySubscriptionDiscount":0,"quantity":3},{"quantitySubscriptionDiscount":0,"quantity":4},{"quantitySubscriptionDiscount":0,"quantity":5},{"quantitySubscriptionDiscount":0,"quantity":6},{"quantitySubscriptionDiscount":0,"quantity":7},{"quantitySubscriptionDiscount":0,"quantity":8},{"quantitySubscriptionDiscount":0,"quantity":9},{"quantitySubscriptionDiscount":0,"quantity":10}],"quantityDetails":"2 oz","comparisonUnitPrice":null,"comparisonUnitName":null,"maxQuantity":10,"scheduleEntries":[],"vendor":{"city":"Oakland, CA","name":"OM Wellness","shortDescription":"OM Wellness makes all natural wellness products with Hemp derived CBD, therapeutic grade essential oils,  and all natural ingredients.  ","slug":"omwellness","thumbnailUrl":"https://goodeggs4.imgix.net/89399310-2b72-11eb-9657-d9c35a29305c?w=560&h=350&fm=jpg&q=41&fit=crop&crop=faces","url":"/omwellness"},"currentProducer":{"city":"Oakland, CA","name":"OM Wellness","shortDescription":"OM Wellness makes all natural wellness products with Hemp derived CBD, therapeutic grade essential oils,  and all natural ingredients.  ","slug":"omwellness","thumbnailUrl":"https://goodeggs4.imgix.net/89399310-2b72-11eb-9657-d9c35a29305c?w=560&h=350&fm=jpg&q=41&fit=crop&crop=faces","url":"/omwellness"},"otherProducers":[],"productType":"Minerals, Other","canSubscribe":false,"availabilitiesByDay":{"2021-05-24":{"status":"available","quantity":30},"2021-05-25":{"status":"available","quantity":30},"2021-05-26":{"status":"available","quantity":30},"2021-05-27":{"status":"available","quantity":30},"2021-05-28":{"status":"available","quantity":30},"2021-05-29":{"status":"available","quantity":30}},"isMealPlan":false},"5fc949300de7bd000feb9365":{"id":"5fc949300de7bd000feb9365","name":"Coast Gift Set","photoUrl":"https://goodeggs4.imgix.net/5e5a9d28-ce34-4b69-826b-f7971adfe307.jpg?w=380&h=238&fm=jpg&auto=compress&fit=crop","url":"/sfbay/juniperridge/coast-gift-set/5fc949300de7bd000feb9365","promotionalProductType":"none","isDeliveryRestricted":false,"orderTypes":["single"],"retailUnits":"3 count","retailPrice":3499,"quantityOptions":[{"quantitySubscriptionDiscount":0,"quantity":1},{"quantitySubscriptionDiscount":0,"quantity":2},{"quantitySubscriptionDiscount":0,"quantity":3},{"quantitySubscriptionDiscount":0,"quantity":4},{"quantitySubscriptionDiscount":0,"quantity":5},{"quantitySubscriptionDiscount":0,"quantity":6},{"quantitySubscriptionDiscount":0,"quantity":7},{"quantitySubscriptionDiscount":0,"quantity":8},{"quantitySubscriptionDiscount":0,"quantity":9},{"quantitySubscriptionDiscount":0,"quantity":10}],"quantityDetails":"3 count","comparisonUnitPrice":null,"comparisonUnitName":null,"maxQuantity":10,"scheduleEntries":[],"vendor":{"city":"Oakland, CA","name":"Juniper Ridge","shortDescription":"Juniper Ridge is a women-led company of thirteen people based on the O2 Artists Aggregate, a sustainable eco-industrial lot, in Oakland, California. ","slug":"juniperridge","thumbnailUrl":"https://goodeggs4.imgix.net/dc443180-3529-11eb-99d3-bd3675885121?w=560&h=350&fm=jpg&q=41&fit=crop&crop=faces","url":"/juniperridge"},"currentProducer":{"city":"Oakland, CA","name":"Juniper Ridge","shortDescription":"Juniper Ridge is a women-led company of thirteen people based on the O2 Artists Aggregate, a sustainable eco-industrial lot, in Oakland, California. ","slug":"juniperridge","thumbnailUrl":"https://goodeggs4.imgix.net/dc443180-3529-11eb-99d3-bd3675885121?w=560&h=350&fm=jpg&q=41&fit=crop&crop=faces","url":"/juniperridge"},"otherProducers":[],"productType":"Gift","canSubscribe":false,"availabilitiesByDay":{"2021-05-24":{"status":"available","quantity":27},"2021-05-25":{"status":"available","quantity":27},"2021-05-26":{"status":"available","quantity":27},"2021-05-27":{"status":"available","quantity":27},"2021-05-28":{"status":"available","quantity":27},"2021-05-29":{"status":"available","quantity":27}},"isMealPlan":false},"5fc95d40fa0218000e6487d3":{"id":"5fc95d40fa0218000e6487d3","name":"Desert Gift Set","photoUrl":"https://goodeggs4.imgix.net/85fae300-70d6-4db9-ad34-f8538e73917f.jpg?w=380&h=238&fm=jpg&auto=compress&fit=crop","url":"/sfbay/juniperridge/desert-gift-set/5fc95d40fa0218000e6487d3","promotionalProductType":"none","isDeliveryRestricted":false,"orderTypes":["single"],"retailUnits":"3 count","retailPrice":3499,"quantityOptions":[{"quantitySubscriptionDiscount":0,"quantity":1},{"quantitySubscriptionDiscount":0,"quantity":2},{"quantitySubscriptionDiscount":0,"quantity":3},{"quantitySubscriptionDiscount":0,"quantity":4},{"quantitySubscriptionDiscount":0,"quantity":5},{"quantitySubscriptionDiscount":0,"quantity":6},{"quantitySubscriptionDiscount":0,"quantity":7},{"quantitySubscriptionDiscount":0,"quantity":8},{"quantitySubscriptionDiscount":0,"quantity":9},{"quantitySubscriptionDiscount":0,"quantity":10}],"quantityDetails":"3 count","comparisonUnitPrice":null,"comparisonUnitName":null,"maxQuantity":10,"scheduleEntries":[],"vendor":{"city":"Oakland, CA","name":"Juniper Ridge","shortDescription":"Juniper Ridge is a women-led company of thirteen people based on the O2 Artists Aggregate, a sustainable eco-industrial lot, in Oakland, California. ","slug":"juniperridge","thumbnailUrl":"https://goodeggs4.imgix.net/dc443180-3529-11eb-99d3-bd3675885121?w=560&h=350&fm=jpg&q=41&fit=crop&crop=faces","url":"/juniperridge"},"currentProducer":{"city":"Oakland, CA","name":"Juniper Ridge","shortDescription":"Juniper Ridge is a women-led company of thirteen people based on the O2 Artists Aggregate, a sustainable eco-industrial lot, in Oakland, California. ","slug":"juniperridge","thumbnailUrl":"https://goodeggs4.imgix.net/dc443180-3529-11eb-99d3-bd3675885121?w=560&h=350&fm=jpg&q=41&fit=crop&crop=faces","url":"/juniperridge"},"otherProducers":[],"productType":"Gift","canSubscribe":false,"availabilitiesByDay":{"2021-05-24":{"status":"available","quantity":119},"2021-05-25":{"status":"available","quantity":119},"2021-05-26":{"status":"available","quantity":119},"2021-05-27":{"status":"available","quantity":119},"2021-05-28":{"status":"available","quantity":119},"2021-05-29":{"status":"available","quantity":119}},"isMealPlan":false},"5fc964960cc199000e32fa82":{"id":"5fc964960cc199000e32fa82","name":"Holiday Gift Set","photoUrl":"https://goodeggs4.imgix.net/9cb926af-75a8-4bb3-bed3-2a52d4f0533c.jpg?w=380&h=238&fm=jpg&auto=compress&fit=crop","url":"/sfbay/juniperridge/holiday-gift-set/5fc964960cc199000e32fa82","promotionalProductType":"none","isDeliveryRestricted":false,"orderTypes":["single"],"retailUnits":"3 count","retailPrice":3499,"quantityOptions":[{"quantitySubscriptionDiscount":0,"quantity":1},{"quantitySubscriptionDiscount":0,"quantity":2},{"quantitySubscriptionDiscount":0,"quantity":3},{"quantitySubscriptionDiscount":0,"quantity":4},{"quantitySubscriptionDiscount":0,"quantity":5},{"quantitySubscriptionDiscount":0,"quantity":6},{"quantitySubscriptionDiscount":0,"quantity":7},{"quantitySubscriptionDiscount":0,"quantity":8},{"quantitySubscriptionDiscount":0,"quantity":9},{"quantitySubscriptionDiscount":0,"quantity":10}],"quantityDetails":"3 count","comparisonUnitPrice":null,"comparisonUnitName":null,"maxQuantity":10,"scheduleEntries":[],"vendor":{"city":"Oakland, CA","name":"Juniper Ridge","shortDescription":"Juniper Ridge is a women-led company of thirteen people based on the O2 Artists Aggregate, a sustainable eco-industrial lot, in Oakland, California. ","slug":"juniperridge","thumbnailUrl":"https://goodeggs4.imgix.net/dc443180-3529-11eb-99d3-bd3675885121?w=560&h=350&fm=jpg&q=41&fit=crop&crop=faces","url":"/juniperridge"},"currentProducer":{"city":"Oakland, CA","name":"Juniper Ridge","shortDescription":"Juniper Ridge is a women-led company of thirteen people based on the O2 Artists Aggregate, a sustainable eco-industrial lot, in Oakland, California. ","slug":"juniperridge","thumbnailUrl":"https://goodeggs4.imgix.net/dc443180-3529-11eb-99d3-bd3675885121?w=560&h=350&fm=jpg&q=41&fit=crop&crop=faces","url":"/juniperridge"},"otherProducers":[],"productType":"Gift","canSubscribe":false,"availabilitiesByDay":{"2021-05-24":{"status":"available","quantity":98},"2021-05-25":{"status":"available","quantity":98},"2021-05-26":{"status":"available","quantity":98},"2021-05-27":{"status":"available","quantity":98},"2021-05-28":{"status":"available","quantity":98},"2021-05-29":{"status":"available","quantity":98}},"isMealPlan":false},"5fc9672b33e18d000e5e80a7":{"id":"5fc9672b33e18d000e5e80a7","name":"Essential Oil Gift Pack","photoUrl":"https://goodeggs4.imgix.net/b25d666e-a5b2-457d-a3f2-a4620a9e51bc.jpg?w=380&h=238&fm=jpg&auto=compress&fit=crop","url":"/sfbay/juniperridge/essential-oil-gift-pack/5fc9672b33e18d000e5e80a7","promotionalProductType":"none","isDeliveryRestricted":false,"orderTypes":["single"],"retailUnits":"5 count","retailPrice":5999,"quantityOptions":[{"quantitySubscriptionDiscount":0,"quantity":1},{"quantitySubscriptionDiscount":0,"quantity":2},{"quantitySubscriptionDiscount":0,"quantity":3},{"quantitySubscriptionDiscount":0,"quantity":4},{"quantitySubscriptionDiscount":0,"quantity":5},{"quantitySubscriptionDiscount":0,"quantity":6},{"quantitySubscriptionDiscount":0,"quantity":7},{"quantitySubscriptionDiscount":0,"quantity":8},{"quantitySubscriptionDiscount":0,"quantity":9},{"quantitySubscriptionDiscount":0,"quantity":10}],"quantityDetails":"5 count","comparisonUnitPrice":null,"comparisonUnitName":null,"maxQuantity":10,"scheduleEntries":[],"vendor":{"city":"Oakland, CA","name":"Juniper Ridge","shortDescription":"Juniper Ridge is a women-led company of thirteen people based on the O2 Artists Aggregate, a sustainable eco-industrial lot, in Oakland, California. ","slug":"juniperridge","thumbnailUrl":"https://goodeggs4.imgix.net/dc443180-3529-11eb-99d3-bd3675885121?w=560&h=350&fm=jpg&q=41&fit=crop&crop=faces","url":"/juniperridge"},"currentProducer":{"city":"Oakland, CA","name":"Juniper Ridge","shortDescription":"Juniper Ridge is a women-led company of thirteen people based on the O2 Artists Aggregate, a sustainable eco-industrial lot, in Oakland, California. ","slug":"juniperridge","thumbnailUrl":"https://goodeggs4.imgix.net/dc443180-3529-11eb-99d3-bd3675885121?w=560&h=350&fm=jpg&q=41&fit=crop&crop=faces","url":"/juniperridge"},"otherProducers":[],"productType":"Gift","canSubscribe":false,"availabilitiesByDay":{"2021-05-24":{"status":"available","quantity":28},"2021-05-25":{"status":"available","quantity":28},"2021-05-26":{"status":"available","quantity":28},"2021-05-27":{"status":"available","quantity":28},"2021-05-28":{"status":"available","quantity":28},"2021-05-29":{"status":"available","quantity":28}},"isMealPlan":false},"6079ebf9c8e29000124e2b0d":{"id":"6079ebf9c8e29000124e2b0d","name":"1000 Roses Soothing Shower Gel","photoUrl":"https://goodeggs4.imgix.net/d8f154e8-5013-43b0-a833-d32fd2d1b944.jpg?w=380&h=238&fm=jpg&auto=compress&fit=crop","url":"/sfbay/andalounaturals/1000-roses-soothing-shower-gel/6079ebf9c8e29000124e2b0d","promotionalProductType":"none","isDeliveryRestricted":false,"orderTypes":["single"],"retailUnits":"8.5 oz","retailPrice":999,"quantityOptions":[{"quantitySubscriptionDiscount":0,"quantity":1},{"quantitySubscriptionDiscount":0,"quantity":2},{"quantitySubscriptionDiscount":0,"quantity":3},{"quantitySubscriptionDiscount":0,"quantity":4},{"quantitySubscriptionDiscount":0,"quantity":5},{"quantitySubscriptionDiscount":0,"quantity":6},{"quantitySubscriptionDiscount":0,"quantity":7},{"quantitySubscriptionDiscount":0,"quantity":8},{"quantitySubscriptionDiscount":0,"quantity":9},{"quantitySubscriptionDiscount":0,"quantity":10}],"quantityDetails":"8.5 oz","comparisonUnitPrice":117,"comparisonUnitName":"oz","maxQuantity":10,"scheduleEntries":[],"vendor":{"city":"Petaluma, CA","name":"Andalou Naturals","shortDescription":"Andalou Naturals creates natural skin, hair, and body care products using science in tandem with nature. ","slug":"andalounaturals","thumbnailUrl":"https://goodeggs4.imgix.net/b7557333-b2a4-4ad7-aa63-bbb10de9cbeb.jpg?w=560&h=350&fm=jpg&q=41&fit=crop&crop=faces","url":"/andalounaturals"},"currentProducer":{"city":"Petaluma, CA","name":"Andalou Naturals","shortDescription":"Andalou Naturals creates natural skin, hair, and body care products using science in tandem with nature. ","slug":"andalounaturals","thumbnailUrl":"https://goodeggs4.imgix.net/b7557333-b2a4-4ad7-aa63-bbb10de9cbeb.jpg?w=560&h=350&fm=jpg&q=41&fit=crop&crop=faces","url":"/andalounaturals"},"otherProducers":[],"productType":"Liquid Soap","canSubscribe":false,"availabilitiesByDay":{"2021-05-24":{"status":"available","quantity":21},"2021-05-25":{"status":"available","quantity":21},"2021-05-26":{"status":"available","quantity":21},"2021-05-27":{"status":"available","quantity":21},"2021-05-28":{"status":"available","quantity":21},"2021-05-29":{"status":"available","quantity":21}},"isMealPlan":false},"604a896069b24200121f2f6b":{"id":"604a896069b24200121f2f6b","name":"Orange Squeeze Kids 3 in 1 Soap","photoUrl":"https://goodeggs4.imgix.net/bab79769-7771-4023-a91c-933ec1a7ff02.jpeg?w=380&h=238&fm=jpg&auto=compress&fit=crop","url":"/sfbay/eoproductssfbay/orange-squeeze-kids-3-in-1-soap/604a896069b24200121f2f6b","promotionalProductType":"none","isDeliveryRestricted":false,"orderTypes":["single"],"retailUnits":"32 oz","retailPrice":1099,"quantityOptions":[{"quantitySubscriptionDiscount":0,"quantity":1},{"quantitySubscriptionDiscount":0,"quantity":2},{"quantitySubscriptionDiscount":0,"quantity":3},{"quantitySubscriptionDiscount":0,"quantity":4},{"quantitySubscriptionDiscount":0,"quantity":5},{"quantitySubscriptionDiscount":0,"quantity":6},{"quantitySubscriptionDiscount":0,"quantity":7},{"quantitySubscriptionDiscount":0,"quantity":8},{"quantitySubscriptionDiscount":0,"quantity":9},{"quantitySubscriptionDiscount":0,"quantity":10}],"quantityDetails":"32 oz","comparisonUnitPrice":34,"comparisonUnitName":"oz","maxQuantity":10,"scheduleEntries":[],"vendor":{"city":"San Rafael, CA","name":"EO/Everyone","shortDescription":"Based on the knowledge of 23 years in the industry, EO/Everyone makes products that are as natural as possible, while still being effective and safe for you and your family to use.","slug":"eoproductssfbay","thumbnailUrl":"https://goodeggs4.imgix.net/5HcHmmiSO5cgAXC2KJlw_Screen Shot 2018-10-30 at 11.15.19 AM.png?w=560&h=350&fm=jpg&q=41&fit=crop&crop=faces","url":"/eoproductssfbay"},"currentProducer":{"city":"San Rafael, CA","name":"EO/Everyone","shortDescription":"Based on the knowledge of 23 years in the industry, EO/Everyone makes products that are as natural as possible, while still being effective and safe for you and your family to use.","slug":"eoproductssfbay","thumbnailUrl":"https://goodeggs4.imgix.net/5HcHmmiSO5cgAXC2KJlw_Screen Shot 2018-10-30 at 11.15.19 AM.png?w=560&h=350&fm=jpg&q=41&fit=crop&crop=faces","url":"/eoproductssfbay"},"otherProducers":[],"productType":"Liquid Soap","canSubscribe":false,"availabilitiesByDay":{"2021-05-24":{"status":"available","quantity":35},"2021-05-25":{"status":"available","quantity":35},"2021-05-26":{"status":"available","quantity":35},"2021-05-27":{"status":"available","quantity":35},"2021-05-28":{"status":"available","quantity":35},"2021-05-29":{"status":"available","quantity":35}},"isMealPlan":false},"604a8f70acff8900125ed066":{"id":"604a8f70acff8900125ed066","name":"Unscented 3 in 1 Soap","photoUrl":"https://goodeggs4.imgix.net/f4d5c60c-5d07-4166-8100-98dfac0cdfe5.jpeg?w=380&h=238&fm=jpg&auto=compress&fit=crop","url":"/sfbay/eoproductssfbay/unscented-3-in-1-soap/604a8f70acff8900125ed066","promotionalProductType":"none","isDeliveryRestricted":false,"orderTypes":["single"],"retailUnits":"32 oz","retailPrice":1099,"quantityOptions":[{"quantitySubscriptionDiscount":0,"quantity":1},{"quantitySubscriptionDiscount":0,"quantity":2},{"quantitySubscriptionDiscount":0,"quantity":3},{"quantitySubscriptionDiscount":0,"quantity":4},{"quantitySubscriptionDiscount":0,"quantity":5},{"quantitySubscriptionDiscount":0,"quantity":6},{"quantitySubscriptionDiscount":0,"quantity":7},{"quantitySubscriptionDiscount":0,"quantity":8},{"quantitySubscriptionDiscount":0,"quantity":9},{"quantitySubscriptionDiscount":0,"quantity":10}],"quantityDetails":"32 oz","comparisonUnitPrice":34,"comparisonUnitName":"oz","maxQuantity":10,"scheduleEntries":[],"vendor":{"city":"San Rafael, CA","name":"EO/Everyone","shortDescription":"Based on the knowledge of 23 years in the industry, EO/Everyone makes products that are as natural as possible, while still being effective and safe for you and your family to use.","slug":"eoproductssfbay","thumbnailUrl":"https://goodeggs4.imgix.net/5HcHmmiSO5cgAXC2KJlw_Screen Shot 2018-10-30 at 11.15.19 AM.png?w=560&h=350&fm=jpg&q=41&fit=crop&crop=faces","url":"/eoproductssfbay"},"currentProducer":{"city":"San Rafael, CA","name":"EO/Everyone","shortDescription":"Based on the knowledge of 23 years in the industry, EO/Everyone makes products that are as natural as possible, while still being effective and safe for you and your family to use.","slug":"eoproductssfbay","thumbnailUrl":"https://goodeggs4.imgix.net/5HcHmmiSO5cgAXC2KJlw_Screen Shot 2018-10-30 at 11.15.19 AM.png?w=560&h=350&fm=jpg&q=41&fit=crop&crop=faces","url":"/eoproductssfbay"},"otherProducers":[],"productType":"Liquid Soap","canSubscribe":false,"availabilitiesByDay":{"2021-05-24":{"status":"available","quantity":15},"2021-05-25":{"status":"available","quantity":15},"2021-05-26":{"status":"available","quantity":15},"2021-05-27":{"status":"available","quantity":15},"2021-05-28":{"status":"available","quantity":15},"2021-05-29":{"status":"available","quantity":15}},"isMealPlan":false},"604a8b58acff8900125ed065":{"id":"604a8b58acff8900125ed065","name":"Lavender Lullaby Kids 3 in 1 Soap","photoUrl":"https://goodeggs4.imgix.net/5a78c8dd-e772-42a7-aa49-457d42af21eb.jpeg?w=380&h=238&fm=jpg&auto=compress&fit=crop","url":"/sfbay/eoproductssfbay/lavender-lullaby-kids-3-in-1-soap/604a8b58acff8900125ed065","promotionalProductType":"none","isDeliveryRestricted":false,"orderTypes":["single"],"retailUnits":"32 oz","retailPrice":1099,"quantityOptions":[{"quantitySubscriptionDiscount":0,"quantity":1},{"quantitySubscriptionDiscount":0,"quantity":2},{"quantitySubscriptionDiscount":0,"quantity":3},{"quantitySubscriptionDiscount":0,"quantity":4},{"quantitySubscriptionDiscount":0,"quantity":5},{"quantitySubscriptionDiscount":0,"quantity":6},{"quantitySubscriptionDiscount":0,"quantity":7},{"quantitySubscriptionDiscount":0,"quantity":8},{"quantitySubscriptionDiscount":0,"quantity":9},{"quantitySubscriptionDiscount":0,"quantity":10}],"quantityDetails":"32 oz","comparisonUnitPrice":34,"comparisonUnitName":"oz","maxQuantity":10,"scheduleEntries":[],"vendor":{"city":"San Rafael, CA","name":"EO/Everyone","shortDescription":"Based on the knowledge of 23 years in the industry, EO/Everyone makes products that are as natural as possible, while still being effective and safe for you and your family to use.","slug":"eoproductssfbay","thumbnailUrl":"https://goodeggs4.imgix.net/5HcHmmiSO5cgAXC2KJlw_Screen Shot 2018-10-30 at 11.15.19 AM.png?w=560&h=350&fm=jpg&q=41&fit=crop&crop=faces","url":"/eoproductssfbay"},"currentProducer":{"city":"San Rafael, CA","name":"EO/Everyone","shortDescription":"Based on the knowledge of 23 years in the industry, EO/Everyone makes products that are as natural as possible, while still being effective and safe for you and your family to use.","slug":"eoproductssfbay","thumbnailUrl":"https://goodeggs4.imgix.net/5HcHmmiSO5cgAXC2KJlw_Screen Shot 2018-10-30 at 11.15.19 AM.png?w=560&h=350&fm=jpg&q=41&fit=crop&crop=faces","url":"/eoproductssfbay"},"otherProducers":[],"productType":"Liquid Soap","canSubscribe":false,"availabilitiesByDay":{"2021-05-24":{"status":"available","quantity":30},"2021-05-25":{"status":"available","quantity":30},"2021-05-26":{"status":"available","quantity":30},"2021-05-27":{"status":"available","quantity":30},"2021-05-28":{"status":"available","quantity":30},"2021-05-29":{"status":"available","quantity":30}},"isMealPlan":false},"6079ece4844953001228e990":{"id":"6079ece4844953001228e990","name":"Citrus Sunflower Uplifting Shower Gel","photoUrl":"https://goodeggs4.imgix.net/072a91f6-0452-4773-8ed8-ca6d000b1bed.jpg?w=380&h=238&fm=jpg&auto=compress&fit=crop","url":"/sfbay/andalounaturals/citrus-sunflower-uplifting-shower-gel/6079ece4844953001228e990","promotionalProductType":"none","isDeliveryRestricted":false,"orderTypes":["single"],"retailUnits":"8.5 oz","retailPrice":999,"quantityOptions":[{"quantitySubscriptionDiscount":0,"quantity":1},{"quantitySubscriptionDiscount":0,"quantity":2},{"quantitySubscriptionDiscount":0,"quantity":3},{"quantitySubscriptionDiscount":0,"quantity":4},{"quantitySubscriptionDiscount":0,"quantity":5},{"quantitySubscriptionDiscount":0,"quantity":6},{"quantitySubscriptionDiscount":0,"quantity":7},{"quantitySubscriptionDiscount":0,"quantity":8},{"quantitySubscriptionDiscount":0,"quantity":9},{"quantitySubscriptionDiscount":0,"quantity":10}],"quantityDetails":"8.5 oz","comparisonUnitPrice":117,"comparisonUnitName":"oz","maxQuantity":10,"scheduleEntries":[],"vendor":{"city":"Petaluma, CA","name":"Andalou Naturals","shortDescription":"Andalou Naturals creates natural skin, hair, and body care products using science in tandem with nature. ","slug":"andalounaturals","thumbnailUrl":"https://goodeggs4.imgix.net/b7557333-b2a4-4ad7-aa63-bbb10de9cbeb.jpg?w=560&h=350&fm=jpg&q=41&fit=crop&crop=faces","url":"/andalounaturals"},"currentProducer":{"city":"Petaluma, CA","name":"Andalou Naturals","shortDescription":"Andalou Naturals creates natural skin, hair, and body care products using science in tandem with nature. ","slug":"andalounaturals","thumbnailUrl":"https://goodeggs4.imgix.net/b7557333-b2a4-4ad7-aa63-bbb10de9cbeb.jpg?w=560&h=350&fm=jpg&q=41&fit=crop&crop=faces","url":"/andalounaturals"},"otherProducers":[],"productType":"Liquid Soap","canSubscribe":false,"availabilitiesByDay":{"2021-05-24":{"status":"available","quantity":14},"2021-05-25":{"status":"available","quantity":14},"2021-05-26":{"status":"available","quantity":14},"2021-05-27":{"status":"available","quantity":14},"2021-05-28":{"status":"available","quantity":14},"2021-05-29":{"status":"available","quantity":14}},"isMealPlan":false},"6079eaeb90b9c70012693dfb":{"id":"6079eaeb90b9c70012693dfb","name":"Lavender Thyme Refreshing Shower Gel","photoUrl":"https://goodeggs4.imgix.net/0135e46f-2c38-4dd9-acf3-984989253d5c.jpg?w=380&h=238&fm=jpg&auto=compress&fit=crop","url":"/sfbay/andalounaturals/lavender-thyme-refreshing-shower-gel/6079eaeb90b9c70012693dfb","promotionalProductType":"none","isDeliveryRestricted":false,"orderTypes":["single"],"retailUnits":"8.5 oz","retailPrice":999,"quantityOptions":[{"quantitySubscriptionDiscount":0,"quantity":1},{"quantitySubscriptionDiscount":0,"quantity":2},{"quantitySubscriptionDiscount":0,"quantity":3},{"quantitySubscriptionDiscount":0,"quantity":4},{"quantitySubscriptionDiscount":0,"quantity":5},{"quantitySubscriptionDiscount":0,"quantity":6},{"quantitySubscriptionDiscount":0,"quantity":7},{"quantitySubscriptionDiscount":0,"quantity":8},{"quantitySubscriptionDiscount":0,"quantity":9},{"quantitySubscriptionDiscount":0,"quantity":10}],"quantityDetails":"8.5 oz","comparisonUnitPrice":117,"comparisonUnitName":"oz","maxQuantity":10,"scheduleEntries":[],"vendor":{"city":"Petaluma, CA","name":"Andalou Naturals","shortDescription":"Andalou Naturals creates natural skin, hair, and body care products using science in tandem with nature. ","slug":"andalounaturals","thumbnailUrl":"https://goodeggs4.imgix.net/b7557333-b2a4-4ad7-aa63-bbb10de9cbeb.jpg?w=560&h=350&fm=jpg&q=41&fit=crop&crop=faces","url":"/andalounaturals"},"currentProducer":{"city":"Petaluma, CA","name":"Andalou Naturals","shortDescription":"Andalou Naturals creates natural skin, hair, and body care products using science in tandem with nature. ","slug":"andalounaturals","thumbnailUrl":"https://goodeggs4.imgix.net/b7557333-b2a4-4ad7-aa63-bbb10de9cbeb.jpg?w=560&h=350&fm=jpg&q=41&fit=crop&crop=faces","url":"/andalounaturals"},"otherProducers":[],"productType":"Liquid Soap","canSubscribe":false,"availabilitiesByDay":{"2021-05-24":{"status":"available","quantity":56},"2021-05-25":{"status":"available","quantity":56},"2021-05-26":{"status":"available","quantity":56},"2021-05-27":{"status":"available","quantity":56},"2021-05-28":{"status":"available","quantity":56},"2021-05-29":{"status":"available","quantity":56}},"isMealPlan":false},"604a8a59f7699c0012bd6580":{"id":"604a8a59f7699c0012bd6580","name":"Tropical Coconut Twist Kids 3 in 1 Soap","photoUrl":"https://goodeggs4.imgix.net/5289f06d-51c0-48ba-bb9e-efce977a9a05.jpeg?w=380&h=238&fm=jpg&auto=compress&fit=crop","url":"/sfbay/eoproductssfbay/tropical-coconut-twist-kids-3-in-1-soap/604a8a59f7699c0012bd6580","promotionalProductType":"none","isDeliveryRestricted":false,"orderTypes":["single"],"retailUnits":"32 oz","retailPrice":1099,"quantityOptions":[{"quantitySubscriptionDiscount":0,"quantity":1},{"quantitySubscriptionDiscount":0,"quantity":2},{"quantitySubscriptionDiscount":0,"quantity":3},{"quantitySubscriptionDiscount":0,"quantity":4},{"quantitySubscriptionDiscount":0,"quantity":5},{"quantitySubscriptionDiscount":0,"quantity":6},{"quantitySubscriptionDiscount":0,"quantity":7},{"quantitySubscriptionDiscount":0,"quantity":8},{"quantitySubscriptionDiscount":0,"quantity":9},{"quantitySubscriptionDiscount":0,"quantity":10}],"quantityDetails":"32 oz","comparisonUnitPrice":34,"comparisonUnitName":"oz","maxQuantity":10,"scheduleEntries":[],"vendor":{"city":"San Rafael, CA","name":"EO/Everyone","shortDescription":"Based on the knowledge of 23 years in the industry, EO/Everyone makes products that are as natural as possible, while still being effective and safe for you and your family to use.","slug":"eoproductssfbay","thumbnailUrl":"https://goodeggs4.imgix.net/5HcHmmiSO5cgAXC2KJlw_Screen Shot 2018-10-30 at 11.15.19 AM.png?w=560&h=350&fm=jpg&q=41&fit=crop&crop=faces","url":"/eoproductssfbay"},"currentProducer":{"city":"San Rafael, CA","name":"EO/Everyone","shortDescription":"Based on the knowledge of 23 years in the industry, EO/Everyone makes products that are as natural as possible, while still being effective and safe for you and your family to use.","slug":"eoproductssfbay","thumbnailUrl":"https://goodeggs4.imgix.net/5HcHmmiSO5cgAXC2KJlw_Screen Shot 2018-10-30 at 11.15.19 AM.png?w=560&h=350&fm=jpg&q=41&fit=crop&crop=faces","url":"/eoproductssfbay"},"otherProducers":[],"productType":"Liquid Soap","canSubscribe":false,"availabilitiesByDay":{"2021-05-24":{"status":"available","quantity":26},"2021-05-25":{"status":"available","quantity":26},"2021-05-26":{"status":"available","quantity":26},"2021-05-27":{"status":"available","quantity":26},"2021-05-28":{"status":"available","quantity":26},"2021-05-29":{"status":"available","quantity":26}},"isMealPlan":false},"6079e8d5844953001228e98f":{"id":"6079e8d5844953001228e98f","name":"1000 Roses Soothing Shower Gel","photoUrl":"https://goodeggs4.imgix.net/bd549bba-db61-48f1-b4d4-4419441db0bb.jpeg?w=380&h=238&fm=jpg&auto=compress&fit=crop","url":"/sfbay/andalounaturals/1000-roses-soothing-shower-gel/6079e8d5844953001228e98f","promotionalProductType":"none","isDeliveryRestricted":false,"orderTypes":["single"],"retailUnits":"32 oz","retailPrice":1899,"quantityOptions":[{"quantitySubscriptionDiscount":0,"quantity":1},{"quantitySubscriptionDiscount":0,"quantity":2},{"quantitySubscriptionDiscount":0,"quantity":3},{"quantitySubscriptionDiscount":0,"quantity":4},{"quantitySubscriptionDiscount":0,"quantity":5},{"quantitySubscriptionDiscount":0,"quantity":6},{"quantitySubscriptionDiscount":0,"quantity":7},{"quantitySubscriptionDiscount":0,"quantity":8},{"quantitySubscriptionDiscount":0,"quantity":9},{"quantitySubscriptionDiscount":0,"quantity":10}],"quantityDetails":"32 oz","comparisonUnitPrice":59,"comparisonUnitName":"oz","maxQuantity":10,"scheduleEntries":[],"vendor":{"city":"Petaluma, CA","name":"Andalou Naturals","shortDescription":"Andalou Naturals creates natural skin, hair, and body care products using science in tandem with nature. ","slug":"andalounaturals","thumbnailUrl":"https://goodeggs4.imgix.net/b7557333-b2a4-4ad7-aa63-bbb10de9cbeb.jpg?w=560&h=350&fm=jpg&q=41&fit=crop&crop=faces","url":"/andalounaturals"},"currentProducer":{"city":"Petaluma, CA","name":"Andalou Naturals","shortDescription":"Andalou Naturals creates natural skin, hair, and body care products using science in tandem with nature. ","slug":"andalounaturals","thumbnailUrl":"https://goodeggs4.imgix.net/b7557333-b2a4-4ad7-aa63-bbb10de9cbeb.jpg?w=560&h=350&fm=jpg&q=41&fit=crop&crop=faces","url":"/andalounaturals"},"otherProducers":[],"productType":"Liquid Soap","canSubscribe":false,"availabilitiesByDay":{"2021-05-24":{"status":"available","quantity":35},"2021-05-25":{"status":"available","quantity":35},"2021-05-26":{"status":"available","quantity":35},"2021-05-27":{"status":"available","quantity":35},"2021-05-28":{"status":"available","quantity":35},"2021-05-29":{"status":"available","quantity":35}},"isMealPlan":false},"604a9515acff8900125ed068":{"id":"604a9515acff8900125ed068","name":"Organic Citrus Deodorant Spray","photoUrl":"https://goodeggs4.imgix.net/bbf92e53-92e7-44c4-ae33-b83728943cf2.jpeg?w=380&h=238&fm=jpg&auto=compress&fit=crop","url":"/sfbay/eoproductssfbay/organic-citrus-deodorant-spray/604a9515acff8900125ed068","promotionalProductType":"none","isDeliveryRestricted":false,"orderTypes":["single"],"retailUnits":"4 oz","retailPrice":699,"quantityOptions":[{"quantitySubscriptionDiscount":0,"quantity":1},{"quantitySubscriptionDiscount":0,"quantity":2},{"quantitySubscriptionDiscount":0,"quantity":3},{"quantitySubscriptionDiscount":0,"quantity":4},{"quantitySubscriptionDiscount":0,"quantity":5},{"quantitySubscriptionDiscount":0,"quantity":6},{"quantitySubscriptionDiscount":0,"quantity":7},{"quantitySubscriptionDiscount":0,"quantity":8},{"quantitySubscriptionDiscount":0,"quantity":9},{"quantitySubscriptionDiscount":0,"quantity":10}],"quantityDetails":"4 oz","comparisonUnitPrice":174,"comparisonUnitName":"oz","maxQuantity":10,"scheduleEntries":[],"vendor":{"city":"San Rafael, CA","name":"EO/Everyone","shortDescription":"Based on the knowledge of 23 years in the industry, EO/Everyone makes products that are as natural as possible, while still being effective and safe for you and your family to use.","slug":"eoproductssfbay","thumbnailUrl":"https://goodeggs4.imgix.net/5HcHmmiSO5cgAXC2KJlw_Screen Shot 2018-10-30 at 11.15.19 AM.png?w=560&h=350&fm=jpg&q=41&fit=crop&crop=faces","url":"/eoproductssfbay"},"currentProducer":{"city":"San Rafael, CA","name":"EO/Everyone","shortDescription":"Based on the knowledge of 23 years in the industry, EO/Everyone makes products that are as natural as possible, while still being effective and safe for you and your family to use.","slug":"eoproductssfbay","thumbnailUrl":"https://goodeggs4.imgix.net/5HcHmmiSO5cgAXC2KJlw_Screen Shot 2018-10-30 at 11.15.19 AM.png?w=560&h=350&fm=jpg&q=41&fit=crop&crop=faces","url":"/eoproductssfbay"},"otherProducers":[],"productType":"Personal Care","canSubscribe":false,"availabilitiesByDay":{"2021-05-24":{"status":"available","quantity":28},"2021-05-25":{"status":"available","quantity":28},"2021-05-26":{"status":"available","quantity":28},"2021-05-27":{"status":"available","quantity":28},"2021-05-28":{"status":"available","quantity":28},"2021-05-29":{"status":"available","quantity":28}},"isMealPlan":false},"6079dbde513fe4001246ec6c":{"id":"6079dbde513fe4001246ec6c","name":"Rose Pomegranate Botanical Deodorant","photoUrl":"https://goodeggs4.imgix.net/2cdeb11a-d450-4fea-97f8-12bd7ea041fa.jpeg?w=380&h=238&fm=jpg&auto=compress&fit=crop","url":"/sfbay/andalounaturals/rose-pomegranate-botanical-deodorant/6079dbde513fe4001246ec6c","promotionalProductType":"none","isDeliveryRestricted":false,"orderTypes":["single"],"retailUnits":"2.65 oz","retailPrice":999,"quantityOptions":[{"quantitySubscriptionDiscount":0,"quantity":1},{"quantitySubscriptionDiscount":0,"quantity":2},{"quantitySubscriptionDiscount":0,"quantity":3},{"quantitySubscriptionDiscount":0,"quantity":4},{"quantitySubscriptionDiscount":0,"quantity":5},{"quantitySubscriptionDiscount":0,"quantity":6},{"quantitySubscriptionDiscount":0,"quantity":7},{"quantitySubscriptionDiscount":0,"quantity":8},{"quantitySubscriptionDiscount":0,"quantity":9},{"quantitySubscriptionDiscount":0,"quantity":10}],"quantityDetails":"2.65 oz","comparisonUnitPrice":376,"comparisonUnitName":"oz","maxQuantity":10,"scheduleEntries":[],"vendor":{"city":"Petaluma, CA","name":"Andalou Naturals","shortDescription":"Andalou Naturals creates natural skin, hair, and body care products using science in tandem with nature. ","slug":"andalounaturals","thumbnailUrl":"https://goodeggs4.imgix.net/b7557333-b2a4-4ad7-aa63-bbb10de9cbeb.jpg?w=560&h=350&fm=jpg&q=41&fit=crop&crop=faces","url":"/andalounaturals"},"currentProducer":{"city":"Petaluma, CA","name":"Andalou Naturals","shortDescription":"Andalou Naturals creates natural skin, hair, and body care products using science in tandem with nature. ","slug":"andalounaturals","thumbnailUrl":"https://goodeggs4.imgix.net/b7557333-b2a4-4ad7-aa63-bbb10de9cbeb.jpg?w=560&h=350&fm=jpg&q=41&fit=crop&crop=faces","url":"/andalounaturals"},"otherProducers":[],"productType":"Personal Care","canSubscribe":false,"availabilitiesByDay":{"2021-05-24":{"status":"available","quantity":21},"2021-05-25":{"status":"available","quantity":21},"2021-05-26":{"status":"available","quantity":21},"2021-05-27":{"status":"available","quantity":21},"2021-05-28":{"status":"available","quantity":21},"2021-05-29":{"status":"available","quantity":21}},"isMealPlan":false},"6079d8eb513fe4001246ec6b":{"id":"6079d8eb513fe4001246ec6b","name":"Lavender Thyme Botanical Deodorant","photoUrl":"https://goodeggs4.imgix.net/a2cf78b2-1e7c-4f22-a071-3972984c1782.jpeg?w=380&h=238&fm=jpg&auto=compress&fit=crop","url":"/sfbay/andalounaturals/lavender-thyme-botanical-deodorant/6079d8eb513fe4001246ec6b","promotionalProductType":"none","isDeliveryRestricted":false,"orderTypes":["single"],"retailUnits":"2.65 oz","retailPrice":999,"quantityOptions":[{"quantitySubscriptionDiscount":0,"quantity":1},{"quantitySubscriptionDiscount":0,"quantity":2},{"quantitySubscriptionDiscount":0,"quantity":3},{"quantitySubscriptionDiscount":0,"quantity":4},{"quantitySubscriptionDiscount":0,"quantity":5},{"quantitySubscriptionDiscount":0,"quantity":6},{"quantitySubscriptionDiscount":0,"quantity":7},{"quantitySubscriptionDiscount":0,"quantity":8},{"quantitySubscriptionDiscount":0,"quantity":9},{"quantitySubscriptionDiscount":0,"quantity":10}],"quantityDetails":"2.65 oz","comparisonUnitPrice":376,"comparisonUnitName":"oz","maxQuantity":10,"scheduleEntries":[],"vendor":{"city":"Petaluma, CA","name":"Andalou Naturals","shortDescription":"Andalou Naturals creates natural skin, hair, and body care products using science in tandem with nature. ","slug":"andalounaturals","thumbnailUrl":"https://goodeggs4.imgix.net/b7557333-b2a4-4ad7-aa63-bbb10de9cbeb.jpg?w=560&h=350&fm=jpg&q=41&fit=crop&crop=faces","url":"/andalounaturals"},"currentProducer":{"city":"Petaluma, CA","name":"Andalou Naturals","shortDescription":"Andalou Naturals creates natural skin, hair, and body care products using science in tandem with nature. ","slug":"andalounaturals","thumbnailUrl":"https://goodeggs4.imgix.net/b7557333-b2a4-4ad7-aa63-bbb10de9cbeb.jpg?w=560&h=350&fm=jpg&q=41&fit=crop&crop=faces","url":"/andalounaturals"},"otherProducers":[],"productType":"Personal Care","canSubscribe":false,"availabilitiesByDay":{"2021-05-24":{"status":"available","quantity":33},"2021-05-25":{"status":"available","quantity":33},"2021-05-26":{"status":"available","quantity":33},"2021-05-27":{"status":"available","quantity":33},"2021-05-28":{"status":"available","quantity":33},"2021-05-29":{"status":"available","quantity":33}},"isMealPlan":false},"604a939bbcf73300130e2e58":{"id":"604a939bbcf73300130e2e58","name":"Organic Lavender Deodorant Spray","photoUrl":"https://goodeggs4.imgix.net/1e522405-a82f-45bd-808b-61c3fa53f576.jpeg?w=380&h=238&fm=jpg&auto=compress&fit=crop","url":"/sfbay/eoproductssfbay/organic-lavender-deodorant-spray/604a939bbcf73300130e2e58","promotionalProductType":"none","isDeliveryRestricted":false,"orderTypes":["single"],"retailUnits":"4 oz","retailPrice":699,"quantityOptions":[{"quantitySubscriptionDiscount":0,"quantity":1},{"quantitySubscriptionDiscount":0,"quantity":2},{"quantitySubscriptionDiscount":0,"quantity":3},{"quantitySubscriptionDiscount":0,"quantity":4},{"quantitySubscriptionDiscount":0,"quantity":5},{"quantitySubscriptionDiscount":0,"quantity":6},{"quantitySubscriptionDiscount":0,"quantity":7},{"quantitySubscriptionDiscount":0,"quantity":8},{"quantitySubscriptionDiscount":0,"quantity":9},{"quantitySubscriptionDiscount":0,"quantity":10}],"quantityDetails":"4 oz","comparisonUnitPrice":174,"comparisonUnitName":"oz","maxQuantity":10,"scheduleEntries":[],"vendor":{"city":"San Rafael, CA","name":"EO/Everyone","shortDescription":"Based on the knowledge of 23 years in the industry, EO/Everyone makes products that are as natural as possible, while still being effective and safe for you and your family to use.","slug":"eoproductssfbay","thumbnailUrl":"https://goodeggs4.imgix.net/5HcHmmiSO5cgAXC2KJlw_Screen Shot 2018-10-30 at 11.15.19 AM.png?w=560&h=350&fm=jpg&q=41&fit=crop&crop=faces","url":"/eoproductssfbay"},"currentProducer":{"city":"San Rafael, CA","name":"EO/Everyone","shortDescription":"Based on the knowledge of 23 years in the industry, EO/Everyone makes products that are as natural as possible, while still being effective and safe for you and your family to use.","slug":"eoproductssfbay","thumbnailUrl":"https://goodeggs4.imgix.net/5HcHmmiSO5cgAXC2KJlw_Screen Shot 2018-10-30 at 11.15.19 AM.png?w=560&h=350&fm=jpg&q=41&fit=crop&crop=faces","url":"/eoproductssfbay"},"otherProducers":[],"productType":"Personal Care","canSubscribe":false,"availabilitiesByDay":{"2021-05-24":{"status":"available","quantity":54},"2021-05-25":{"status":"available","quantity":54},"2021-05-26":{"status":"available","quantity":54},"2021-05-27":{"status":"available","quantity":54},"2021-05-28":{"status":"available","quantity":54},"2021-05-29":{"status":"available","quantity":54}},"isMealPlan":false},"607a0787513fe4001246ec73":{"id":"607a0787513fe4001246ec73","name":"Full Volume Lavender and Biotin Shampoo","photoUrl":"https://goodeggs4.imgix.net/9f1a1dfb-5b08-4135-b098-4a609b027ae2.jpg?w=380&h=238&fm=jpg&auto=compress&fit=crop","url":"/sfbay/andalounaturals/full-volume-lavender-and-biotin-shampoo/607a0787513fe4001246ec73","promotionalProductType":"none","isDeliveryRestricted":false,"orderTypes":["single"],"retailUnits":"11.5 oz","retailPrice":999,"quantityOptions":[{"quantitySubscriptionDiscount":0,"quantity":1},{"quantitySubscriptionDiscount":0,"quantity":2},{"quantitySubscriptionDiscount":0,"quantity":3},{"quantitySubscriptionDiscount":0,"quantity":4},{"quantitySubscriptionDiscount":0,"quantity":5},{"quantitySubscriptionDiscount":0,"quantity":6},{"quantitySubscriptionDiscount":0,"quantity":7},{"quantitySubscriptionDiscount":0,"quantity":8},{"quantitySubscriptionDiscount":0,"quantity":9},{"quantitySubscriptionDiscount":0,"quantity":10}],"quantityDetails":"11.5 oz","comparisonUnitPrice":86,"comparisonUnitName":"oz","maxQuantity":10,"scheduleEntries":[],"vendor":{"city":"Petaluma, CA","name":"Andalou Naturals","shortDescription":"Andalou Naturals creates natural skin, hair, and body care products using science in tandem with nature. ","slug":"andalounaturals","thumbnailUrl":"https://goodeggs4.imgix.net/b7557333-b2a4-4ad7-aa63-bbb10de9cbeb.jpg?w=560&h=350&fm=jpg&q=41&fit=crop&crop=faces","url":"/andalounaturals"},"currentProducer":{"city":"Petaluma, CA","name":"Andalou Naturals","shortDescription":"Andalou Naturals creates natural skin, hair, and body care products using science in tandem with nature. ","slug":"andalounaturals","thumbnailUrl":"https://goodeggs4.imgix.net/b7557333-b2a4-4ad7-aa63-bbb10de9cbeb.jpg?w=560&h=350&fm=jpg&q=41&fit=crop&crop=faces","url":"/andalounaturals"},"otherProducers":[],"productType":"Liquid Soap","canSubscribe":false,"availabilitiesByDay":{"2021-05-24":{"status":"available","quantity":61},"2021-05-25":{"status":"available","quantity":61},"2021-05-26":{"status":"available","quantity":61},"2021-05-27":{"status":"available","quantity":61},"2021-05-28":{"status":"available","quantity":61},"2021-05-29":{"status":"available","quantity":61}},"isMealPlan":false},"6079e261513fe4001246ec6e":{"id":"6079e261513fe4001246ec6e","name":"Moisture Rich Argan Oil & Shea Conditioner","photoUrl":"https://goodeggs4.imgix.net/ec560bf5-a585-4dec-be0c-a794a174148e.jpeg?w=380&h=238&fm=jpg&auto=compress&fit=crop","url":"/sfbay/andalounaturals/moisture-rich-argan-oil-shea-conditioner/6079e261513fe4001246ec6e","promotionalProductType":"none","isDeliveryRestricted":false,"orderTypes":["single"],"retailUnits":"32 oz","retailPrice":1899,"quantityOptions":[{"quantitySubscriptionDiscount":0,"quantity":1},{"quantitySubscriptionDiscount":0,"quantity":2},{"quantitySubscriptionDiscount":0,"quantity":3},{"quantitySubscriptionDiscount":0,"quantity":4},{"quantitySubscriptionDiscount":0,"quantity":5},{"quantitySubscriptionDiscount":0,"quantity":6},{"quantitySubscriptionDiscount":0,"quantity":7},{"quantitySubscriptionDiscount":0,"quantity":8},{"quantitySubscriptionDiscount":0,"quantity":9},{"quantitySubscriptionDiscount":0,"quantity":10}],"quantityDetails":"32 oz","comparisonUnitPrice":59,"comparisonUnitName":"oz","maxQuantity":10,"scheduleEntries":[],"vendor":{"city":"Petaluma, CA","name":"Andalou Naturals","shortDescription":"Andalou Naturals creates natural skin, hair, and body care products using science in tandem with nature. ","slug":"andalounaturals","thumbnailUrl":"https://goodeggs4.imgix.net/b7557333-b2a4-4ad7-aa63-bbb10de9cbeb.jpg?w=560&h=350&fm=jpg&q=41&fit=crop&crop=faces","url":"/andalounaturals"},"currentProducer":{"city":"Petaluma, CA","name":"Andalou Naturals","shortDescription":"Andalou Naturals creates natural skin, hair, and body care products using science in tandem with nature. ","slug":"andalounaturals","thumbnailUrl":"https://goodeggs4.imgix.net/b7557333-b2a4-4ad7-aa63-bbb10de9cbeb.jpg?w=560&h=350&fm=jpg&q=41&fit=crop&crop=faces","url":"/andalounaturals"},"otherProducers":[],"productType":"Liquid Soap","canSubscribe":false,"availabilitiesByDay":{"2021-05-24":{"status":"available","quantity":19},"2021-05-25":{"status":"available","quantity":19},"2021-05-26":{"status":"available","quantity":19},"2021-05-27":{"status":"available","quantity":19},"2021-05-28":{"status":"available","quantity":19},"2021-05-29":{"status":"available","quantity":19}},"isMealPlan":false},"6079de06513fe4001246ec6d":{"id":"6079de06513fe4001246ec6d","name":"Moisture Rich Argan Oil & Shea Shampoo","photoUrl":"https://goodeggs4.imgix.net/2722ba36-9b17-48ba-a01d-307d53c0a110.jpeg?w=380&h=238&fm=jpg&auto=compress&fit=crop","url":"/sfbay/andalounaturals/moisture-rich-argan-oil-shea-shampoo/6079de06513fe4001246ec6d","promotionalProductType":"none","isDeliveryRestricted":false,"orderTypes":["single"],"retailUnits":"32 oz","retailPrice":1899,"quantityOptions":[{"quantitySubscriptionDiscount":0,"quantity":1},{"quantitySubscriptionDiscount":0,"quantity":2},{"quantitySubscriptionDiscount":0,"quantity":3},{"quantitySubscriptionDiscount":0,"quantity":4},{"quantitySubscriptionDiscount":0,"quantity":5},{"quantitySubscriptionDiscount":0,"quantity":6},{"quantitySubscriptionDiscount":0,"quantity":7},{"quantitySubscriptionDiscount":0,"quantity":8},{"quantitySubscriptionDiscount":0,"quantity":9},{"quantitySubscriptionDiscount":0,"quantity":10}],"quantityDetails":"32 oz","comparisonUnitPrice":59,"comparisonUnitName":"oz","maxQuantity":10,"scheduleEntries":[],"vendor":{"city":"Petaluma, CA","name":"Andalou Naturals","shortDescription":"Andalou Naturals creates natural skin, hair, and body care products using science in tandem with nature. ","slug":"andalounaturals","thumbnailUrl":"https://goodeggs4.imgix.net/b7557333-b2a4-4ad7-aa63-bbb10de9cbeb.jpg?w=560&h=350&fm=jpg&q=41&fit=crop&crop=faces","url":"/andalounaturals"},"currentProducer":{"city":"Petaluma, CA","name":"Andalou Naturals","shortDescription":"Andalou Naturals creates natural skin, hair, and body care products using science in tandem with nature. ","slug":"andalounaturals","thumbnailUrl":"https://goodeggs4.imgix.net/b7557333-b2a4-4ad7-aa63-bbb10de9cbeb.jpg?w=560&h=350&fm=jpg&q=41&fit=crop&crop=faces","url":"/andalounaturals"},"otherProducers":[],"productType":"Liquid Soap","canSubscribe":false,"availabilitiesByDay":{"2021-05-24":{"status":"available","quantity":24},"2021-05-25":{"status":"available","quantity":24},"2021-05-26":{"status":"available","quantity":24},"2021-05-27":{"status":"available","quantity":24},"2021-05-28":{"status":"available","quantity":24},"2021-05-29":{"status":"available","quantity":24}},"isMealPlan":false},"6079f6e3844953001228e992":{"id":"6079f6e3844953001228e992","name":"Moisture Rich Argan Oil & Shea Conditioner","photoUrl":"https://goodeggs4.imgix.net/f02d6c98-df65-4ce2-9da6-958d4da6eee6.jpg?w=380&h=238&fm=jpg&auto=compress&fit=crop","url":"/sfbay/andalounaturals/moisture-rich-argan-oil-shea-conditioner/6079f6e3844953001228e992","promotionalProductType":"none","isDeliveryRestricted":false,"orderTypes":["single"],"retailUnits":"11.5 oz","retailPrice":999,"quantityOptions":[{"quantitySubscriptionDiscount":0,"quantity":1},{"quantitySubscriptionDiscount":0,"quantity":2},{"quantitySubscriptionDiscount":0,"quantity":3},{"quantitySubscriptionDiscount":0,"quantity":4},{"quantitySubscriptionDiscount":0,"quantity":5},{"quantitySubscriptionDiscount":0,"quantity":6},{"quantitySubscriptionDiscount":0,"quantity":7},{"quantitySubscriptionDiscount":0,"quantity":8},{"quantitySubscriptionDiscount":0,"quantity":9},{"quantitySubscriptionDiscount":0,"quantity":10}],"quantityDetails":"11.5 oz","comparisonUnitPrice":86,"comparisonUnitName":"oz","maxQuantity":10,"scheduleEntries":[],"vendor":{"city":"Petaluma, CA","name":"Andalou Naturals","shortDescription":"Andalou Naturals creates natural skin, hair, and body care products using science in tandem with nature. ","slug":"andalounaturals","thumbnailUrl":"https://goodeggs4.imgix.net/b7557333-b2a4-4ad7-aa63-bbb10de9cbeb.jpg?w=560&h=350&fm=jpg&q=41&fit=crop&crop=faces","url":"/andalounaturals"},"currentProducer":{"city":"Petaluma, CA","name":"Andalou Naturals","shortDescription":"Andalou Naturals creates natural skin, hair, and body care products using science in tandem with nature. ","slug":"andalounaturals","thumbnailUrl":"https://goodeggs4.imgix.net/b7557333-b2a4-4ad7-aa63-bbb10de9cbeb.jpg?w=560&h=350&fm=jpg&q=41&fit=crop&crop=faces","url":"/andalounaturals"},"otherProducers":[],"productType":"Liquid Soap","canSubscribe":false,"availabilitiesByDay":{"2021-05-24":{"status":"available","quantity":68},"2021-05-25":{"status":"available","quantity":68},"2021-05-26":{"status":"available","quantity":68},"2021-05-27":{"status":"available","quantity":68},"2021-05-28":{"status":"available","quantity":68},"2021-05-29":{"status":"available","quantity":68}},"isMealPlan":false},"6079c4f71f39cb0012bf5363":{"id":"6079c4f71f39cb0012bf5363","name":"Age Defying Argan Oil Stem Cell Shampoo","photoUrl":"https://goodeggs4.imgix.net/b19ec03f-3253-4b69-a147-2b1ba3255839.jpeg?w=380&h=238&fm=jpg&auto=compress&fit=crop","url":"/sfbay/andalounaturals/age-defying-argan-oil-stem-cell-shampoo/6079c4f71f39cb0012bf5363","promotionalProductType":"none","isDeliveryRestricted":false,"orderTypes":["single"],"retailUnits":"32 oz","retailPrice":1899,"quantityOptions":[{"quantitySubscriptionDiscount":0,"quantity":1},{"quantitySubscriptionDiscount":0,"quantity":2},{"quantitySubscriptionDiscount":0,"quantity":3},{"quantitySubscriptionDiscount":0,"quantity":4},{"quantitySubscriptionDiscount":0,"quantity":5},{"quantitySubscriptionDiscount":0,"quantity":6},{"quantitySubscriptionDiscount":0,"quantity":7},{"quantitySubscriptionDiscount":0,"quantity":8},{"quantitySubscriptionDiscount":0,"quantity":9},{"quantitySubscriptionDiscount":0,"quantity":10}],"quantityDetails":"32 oz","comparisonUnitPrice":59,"comparisonUnitName":"oz","maxQuantity":10,"scheduleEntries":[],"vendor":{"city":"Petaluma, CA","name":"Andalou Naturals","shortDescription":"Andalou Naturals creates natural skin, hair, and body care products using science in tandem with nature. ","slug":"andalounaturals","thumbnailUrl":"https://goodeggs4.imgix.net/b7557333-b2a4-4ad7-aa63-bbb10de9cbeb.jpg?w=560&h=350&fm=jpg&q=41&fit=crop&crop=faces","url":"/andalounaturals"},"currentProducer":{"city":"Petaluma, CA","name":"Andalou Naturals","shortDescription":"Andalou Naturals creates natural skin, hair, and body care products using science in tandem with nature. ","slug":"andalounaturals","thumbnailUrl":"https://goodeggs4.imgix.net/b7557333-b2a4-4ad7-aa63-bbb10de9cbeb.jpg?w=560&h=350&fm=jpg&q=41&fit=crop&crop=faces","url":"/andalounaturals"},"otherProducers":[],"productType":"Liquid Soap","canSubscribe":false,"availabilitiesByDay":{"2021-05-24":{"status":"available","quantity":7},"2021-05-25":{"status":"available","quantity":7},"2021-05-26":{"status":"available","quantity":7},"2021-05-27":{"status":"available","quantity":7},"2021-05-28":{"status":"available","quantity":7},"2021-05-29":{"status":"available","quantity":7}},"isMealPlan":false},"607a0e80844953001228e996":{"id":"607a0e80844953001228e996","name":"Color Care 1000 Roses Complex Shampoo","photoUrl":"https://goodeggs4.imgix.net/e794a1be-e71f-4068-89cc-91a47fceddbd.jpg?w=380&h=238&fm=jpg&auto=compress&fit=crop","url":"/sfbay/andalounaturals/color-care-1000-roses-complex-shampoo/607a0e80844953001228e996","promotionalProductType":"none","isDeliveryRestricted":false,"orderTypes":["single"],"retailUnits":"11.5 oz","retailPrice":999,"quantityOptions":[{"quantitySubscriptionDiscount":0,"quantity":1},{"quantitySubscriptionDiscount":0,"quantity":2},{"quantitySubscriptionDiscount":0,"quantity":3},{"quantitySubscriptionDiscount":0,"quantity":4},{"quantitySubscriptionDiscount":0,"quantity":5},{"quantitySubscriptionDiscount":0,"quantity":6},{"quantitySubscriptionDiscount":0,"quantity":7},{"quantitySubscriptionDiscount":0,"quantity":8},{"quantitySubscriptionDiscount":0,"quantity":9},{"quantitySubscriptionDiscount":0,"quantity":10}],"quantityDetails":"11.5 oz","comparisonUnitPrice":86,"comparisonUnitName":"oz","maxQuantity":10,"scheduleEntries":[],"vendor":{"city":"Petaluma, CA","name":"Andalou Naturals","shortDescription":"Andalou Naturals creates natural skin, hair, and body care products using science in tandem with nature. ","slug":"andalounaturals","thumbnailUrl":"https://goodeggs4.imgix.net/b7557333-b2a4-4ad7-aa63-bbb10de9cbeb.jpg?w=560&h=350&fm=jpg&q=41&fit=crop&crop=faces","url":"/andalounaturals"},"currentProducer":{"city":"Petaluma, CA","name":"Andalou Naturals","shortDescription":"Andalou Naturals creates natural skin, hair, and body care products using science in tandem with nature. ","slug":"andalounaturals","thumbnailUrl":"https://goodeggs4.imgix.net/b7557333-b2a4-4ad7-aa63-bbb10de9cbeb.jpg?w=560&h=350&fm=jpg&q=41&fit=crop&crop=faces","url":"/andalounaturals"},"otherProducers":[],"productType":"Liquid Soap","canSubscribe":false,"availabilitiesByDay":{"2021-05-24":{"status":"available","quantity":64},"2021-05-25":{"status":"available","quantity":64},"2021-05-26":{"status":"available","quantity":64},"2021-05-27":{"status":"available","quantity":64},"2021-05-28":{"status":"available","quantity":64},"2021-05-29":{"status":"available","quantity":64}},"isMealPlan":false},"6079f03d90b9c70012693dfd":{"id":"6079f03d90b9c70012693dfd","name":"Moisture Rich Argan Oil & Shea Shampoo","photoUrl":"https://goodeggs4.imgix.net/8737f9aa-34de-4f7d-ab36-20042e003b6f.jpg?w=380&h=238&fm=jpg&auto=compress&fit=crop","url":"/sfbay/andalounaturals/moisture-rich-argan-oil-shea-shampoo/6079f03d90b9c70012693dfd","promotionalProductType":"none","isDeliveryRestricted":false,"orderTypes":["single"],"retailUnits":"11.5 oz","retailPrice":999,"quantityOptions":[{"quantitySubscriptionDiscount":0,"quantity":1},{"quantitySubscriptionDiscount":0,"quantity":2},{"quantitySubscriptionDiscount":0,"quantity":3},{"quantitySubscriptionDiscount":0,"quantity":4},{"quantitySubscriptionDiscount":0,"quantity":5},{"quantitySubscriptionDiscount":0,"quantity":6},{"quantitySubscriptionDiscount":0,"quantity":7},{"quantitySubscriptionDiscount":0,"quantity":8},{"quantitySubscriptionDiscount":0,"quantity":9},{"quantitySubscriptionDiscount":0,"quantity":10}],"quantityDetails":"11.5 oz","comparisonUnitPrice":86,"comparisonUnitName":"oz","maxQuantity":10,"scheduleEntries":[],"vendor":{"city":"Petaluma, CA","name":"Andalou Naturals","shortDescription":"Andalou Naturals creates natural skin, hair, and body care products using science in tandem with nature. ","slug":"andalounaturals","thumbnailUrl":"https://goodeggs4.imgix.net/b7557333-b2a4-4ad7-aa63-bbb10de9cbeb.jpg?w=560&h=350&fm=jpg&q=41&fit=crop&crop=faces","url":"/andalounaturals"},"currentProducer":{"city":"Petaluma, CA","name":"Andalou Naturals","shortDescription":"Andalou Naturals creates natural skin, hair, and body care products using science in tandem with nature. ","slug":"andalounaturals","thumbnailUrl":"https://goodeggs4.imgix.net/b7557333-b2a4-4ad7-aa63-bbb10de9cbeb.jpg?w=560&h=350&fm=jpg&q=41&fit=crop&crop=faces","url":"/andalounaturals"},"otherProducers":[],"productType":"Liquid Soap","canSubscribe":false,"availabilitiesByDay":{"2021-05-24":{"status":"available","quantity":96},"2021-05-25":{"status":"available","quantity":96},"2021-05-26":{"status":"available","quantity":96},"2021-05-27":{"status":"available","quantity":96},"2021-05-28":{"status":"available","quantity":96},"2021-05-29":{"status":"available","quantity":96}},"isMealPlan":false},"607a0d19844953001228e995":{"id":"607a0d19844953001228e995","name":"Full Volume Lavender and Biotin Conditioner","photoUrl":"https://goodeggs4.imgix.net/3f02ff04-3d41-4433-a32b-a6ddff0d94c7.jpg?w=380&h=238&fm=jpg&auto=compress&fit=crop","url":"/sfbay/andalounaturals/full-volume-lavender-and-biotin-conditioner/607a0d19844953001228e995","promotionalProductType":"none","isDeliveryRestricted":false,"orderTypes":["single"],"retailUnits":"11.5 oz","retailPrice":999,"quantityOptions":[{"quantitySubscriptionDiscount":0,"quantity":1},{"quantitySubscriptionDiscount":0,"quantity":2},{"quantitySubscriptionDiscount":0,"quantity":3},{"quantitySubscriptionDiscount":0,"quantity":4},{"quantitySubscriptionDiscount":0,"quantity":5},{"quantitySubscriptionDiscount":0,"quantity":6},{"quantitySubscriptionDiscount":0,"quantity":7},{"quantitySubscriptionDiscount":0,"quantity":8},{"quantitySubscriptionDiscount":0,"quantity":9},{"quantitySubscriptionDiscount":0,"quantity":10}],"quantityDetails":"11.5 oz","comparisonUnitPrice":86,"comparisonUnitName":"oz","maxQuantity":10,"scheduleEntries":[],"vendor":{"city":"Petaluma, CA","name":"Andalou Naturals","shortDescription":"Andalou Naturals creates natural skin, hair, and body care products using science in tandem with nature. ","slug":"andalounaturals","thumbnailUrl":"https://goodeggs4.imgix.net/b7557333-b2a4-4ad7-aa63-bbb10de9cbeb.jpg?w=560&h=350&fm=jpg&q=41&fit=crop&crop=faces","url":"/andalounaturals"},"currentProducer":{"city":"Petaluma, CA","name":"Andalou Naturals","shortDescription":"Andalou Naturals creates natural skin, hair, and body care products using science in tandem with nature. ","slug":"andalounaturals","thumbnailUrl":"https://goodeggs4.imgix.net/b7557333-b2a4-4ad7-aa63-bbb10de9cbeb.jpg?w=560&h=350&fm=jpg&q=41&fit=crop&crop=faces","url":"/andalounaturals"},"otherProducers":[],"productType":"Liquid Soap","canSubscribe":false,"availabilitiesByDay":{"2021-05-24":{"status":"available","quantity":50},"2021-05-25":{"status":"available","quantity":50},"2021-05-26":{"status":"available","quantity":50},"2021-05-27":{"status":"available","quantity":50},"2021-05-28":{"status":"available","quantity":50},"2021-05-29":{"status":"available","quantity":50}},"isMealPlan":false},"607a1268c8e29000124e2b10":{"id":"607a1268c8e29000124e2b10","name":"Color Care 1000 Roses Complex Conditioner","photoUrl":"https://goodeggs4.imgix.net/9b83e0fa-960b-4336-a0ad-ecaa0eb1e1b3.jpg?w=380&h=238&fm=jpg&auto=compress&fit=crop","url":"/sfbay/andalounaturals/color-care-1000-roses-complex-conditioner/607a1268c8e29000124e2b10","promotionalProductType":"none","isDeliveryRestricted":false,"orderTypes":["single"],"retailUnits":"11.5 oz","retailPrice":999,"quantityOptions":[{"quantitySubscriptionDiscount":0,"quantity":1},{"quantitySubscriptionDiscount":0,"quantity":2},{"quantitySubscriptionDiscount":0,"quantity":3},{"quantitySubscriptionDiscount":0,"quantity":4},{"quantitySubscriptionDiscount":0,"quantity":5},{"quantitySubscriptionDiscount":0,"quantity":6},{"quantitySubscriptionDiscount":0,"quantity":7},{"quantitySubscriptionDiscount":0,"quantity":8},{"quantitySubscriptionDiscount":0,"quantity":9},{"quantitySubscriptionDiscount":0,"quantity":10}],"quantityDetails":"11.5 oz","comparisonUnitPrice":86,"comparisonUnitName":"oz","maxQuantity":10,"scheduleEntries":[],"vendor":{"city":"Petaluma, CA","name":"Andalou Naturals","shortDescription":"Andalou Naturals creates natural skin, hair, and body care products using science in tandem with nature. ","slug":"andalounaturals","thumbnailUrl":"https://goodeggs4.imgix.net/b7557333-b2a4-4ad7-aa63-bbb10de9cbeb.jpg?w=560&h=350&fm=jpg&q=41&fit=crop&crop=faces","url":"/andalounaturals"},"currentProducer":{"city":"Petaluma, CA","name":"Andalou Naturals","shortDescription":"Andalou Naturals creates natural skin, hair, and body care products using science in tandem with nature. ","slug":"andalounaturals","thumbnailUrl":"https://goodeggs4.imgix.net/b7557333-b2a4-4ad7-aa63-bbb10de9cbeb.jpg?w=560&h=350&fm=jpg&q=41&fit=crop&crop=faces","url":"/andalounaturals"},"otherProducers":[],"productType":"Liquid Soap","canSubscribe":false,"availabilitiesByDay":{"2021-05-24":{"status":"available","quantity":70},"2021-05-25":{"status":"available","quantity":70},"2021-05-26":{"status":"available","quantity":70},"2021-05-27":{"status":"available","quantity":70},"2021-05-28":{"status":"available","quantity":70},"2021-05-29":{"status":"available","quantity":70}},"isMealPlan":false},"604a883e69b24200121f2f6a":{"id":"604a883e69b24200121f2f6a","name":"Ruby Grapefruit Hand Sanitizer Spray","photoUrl":"https://goodeggs4.imgix.net/10c3ad22-b0da-4e04-a816-1c147b4a7ffa.jpeg?w=380&h=238&fm=jpg&auto=compress&fit=crop","url":"/sfbay/eoproductssfbay/ruby-grapefruit-hand-sanitizer-spray/604a883e69b24200121f2f6a","promotionalProductType":"none","isDeliveryRestricted":false,"orderTypes":["single"],"retailUnits":"8 oz","retailPrice":699,"quantityOptions":[{"quantitySubscriptionDiscount":0,"quantity":1},{"quantitySubscriptionDiscount":0,"quantity":2},{"quantitySubscriptionDiscount":0,"quantity":3},{"quantitySubscriptionDiscount":0,"quantity":4},{"quantitySubscriptionDiscount":0,"quantity":5},{"quantitySubscriptionDiscount":0,"quantity":6},{"quantitySubscriptionDiscount":0,"quantity":7},{"quantitySubscriptionDiscount":0,"quantity":8},{"quantitySubscriptionDiscount":0,"quantity":9},{"quantitySubscriptionDiscount":0,"quantity":10}],"quantityDetails":"8 oz","comparisonUnitPrice":87,"comparisonUnitName":"oz","maxQuantity":10,"scheduleEntries":[],"vendor":{"city":"San Rafael, CA","name":"EO/Everyone","shortDescription":"Based on the knowledge of 23 years in the industry, EO/Everyone makes products that are as natural as possible, while still being effective and safe for you and your family to use.","slug":"eoproductssfbay","thumbnailUrl":"https://goodeggs4.imgix.net/5HcHmmiSO5cgAXC2KJlw_Screen Shot 2018-10-30 at 11.15.19 AM.png?w=560&h=350&fm=jpg&q=41&fit=crop&crop=faces","url":"/eoproductssfbay"},"currentProducer":{"city":"San Rafael, CA","name":"EO/Everyone","shortDescription":"Based on the knowledge of 23 years in the industry, EO/Everyone makes products that are as natural as possible, while still being effective and safe for you and your family to use.","slug":"eoproductssfbay","thumbnailUrl":"https://goodeggs4.imgix.net/5HcHmmiSO5cgAXC2KJlw_Screen Shot 2018-10-30 at 11.15.19 AM.png?w=560&h=350&fm=jpg&q=41&fit=crop&crop=faces","url":"/eoproductssfbay"},"otherProducers":[],"productType":"Hand Soap","canSubscribe":false,"availabilitiesByDay":{"2021-05-24":{"status":"available","quantity":85},"2021-05-25":{"status":"available","quantity":85},"2021-05-26":{"status":"available","quantity":85},"2021-05-27":{"status":"available","quantity":85},"2021-05-28":{"status":"available","quantity":85},"2021-05-29":{"status":"available","quantity":85}},"isMealPlan":false},"5fbc39c13d337b000ea19151":{"id":"5fbc39c13d337b000ea19151","name":"Cotton Face Mask - Merlot","photoUrl":"https://goodeggs4.imgix.net/0543bb16-6dad-41e1-9546-c6844bcf6369.jpg?w=380&h=238&fm=jpg&auto=compress&fit=crop","url":"/sfbay/aplat/cotton-face-mask-merlot/5fbc39c13d337b000ea19151","promotionalProductType":"none","isDeliveryRestricted":false,"orderTypes":["single"],"retailUnits":"1 count","retailPrice":2399,"quantityOptions":[{"quantitySubscriptionDiscount":0,"quantity":1},{"quantitySubscriptionDiscount":0,"quantity":2},{"quantitySubscriptionDiscount":0,"quantity":3},{"quantitySubscriptionDiscount":0,"quantity":4},{"quantitySubscriptionDiscount":0,"quantity":5},{"quantitySubscriptionDiscount":0,"quantity":6},{"quantitySubscriptionDiscount":0,"quantity":7},{"quantitySubscriptionDiscount":0,"quantity":8},{"quantitySubscriptionDiscount":0,"quantity":9},{"quantitySubscriptionDiscount":0,"quantity":10}],"quantityDetails":null,"comparisonUnitPrice":null,"comparisonUnitName":null,"maxQuantity":10,"scheduleEntries":[],"vendor":{"city":"San Francisco, CA","name":"Aplat","shortDescription":"Aplat has created a culinary design collection for sharing food and wine. ","slug":"aplat","thumbnailUrl":"https://goodeggs4.imgix.net/9b22a1b0-38bb-11eb-9263-15dc573dd158?w=560&h=350&fm=jpg&q=41&fit=crop&crop=faces","url":"/aplat"},"currentProducer":{"city":"San Francisco, CA","name":"Aplat","shortDescription":"Aplat has created a culinary design collection for sharing food and wine. ","slug":"aplat","thumbnailUrl":"https://goodeggs4.imgix.net/9b22a1b0-38bb-11eb-9263-15dc573dd158?w=560&h=350&fm=jpg&q=41&fit=crop&crop=faces","url":"/aplat"},"otherProducers":[],"productType":"Paper Towels","canSubscribe":false,"availabilitiesByDay":{"2021-05-24":{"status":"available","quantity":146},"2021-05-25":{"status":"available","quantity":146},"2021-05-26":{"status":"available","quantity":146},"2021-05-27":{"status":"available","quantity":146},"2021-05-28":{"status":"available","quantity":146},"2021-05-29":{"status":"available","quantity":146}},"isMealPlan":false},"5fbc39eb8feb8f000e7e5973":{"id":"5fbc39eb8feb8f000e7e5973","name":"Cotton Face Mask - Blackberry","photoUrl":"https://goodeggs4.imgix.net/ae1980d9-79eb-4785-9b1c-fdec246d2790.jpg?w=380&h=238&fm=jpg&auto=compress&fit=crop","url":"/sfbay/aplat/cotton-face-mask-blackberry/5fbc39eb8feb8f000e7e5973","promotionalProductType":"none","isDeliveryRestricted":false,"orderTypes":["single"],"retailUnits":"1 count","retailPrice":2399,"quantityOptions":[{"quantitySubscriptionDiscount":0,"quantity":1},{"quantitySubscriptionDiscount":0,"quantity":2},{"quantitySubscriptionDiscount":0,"quantity":3},{"quantitySubscriptionDiscount":0,"quantity":4},{"quantitySubscriptionDiscount":0,"quantity":5},{"quantitySubscriptionDiscount":0,"quantity":6},{"quantitySubscriptionDiscount":0,"quantity":7},{"quantitySubscriptionDiscount":0,"quantity":8},{"quantitySubscriptionDiscount":0,"quantity":9},{"quantitySubscriptionDiscount":0,"quantity":10}],"quantityDetails":null,"comparisonUnitPrice":null,"comparisonUnitName":null,"maxQuantity":10,"scheduleEntries":[],"vendor":{"city":"San Francisco, CA","name":"Aplat","shortDescription":"Aplat has created a culinary design collection for sharing food and wine. ","slug":"aplat","thumbnailUrl":"https://goodeggs4.imgix.net/9b22a1b0-38bb-11eb-9263-15dc573dd158?w=560&h=350&fm=jpg&q=41&fit=crop&crop=faces","url":"/aplat"},"currentProducer":{"city":"San Francisco, CA","name":"Aplat","shortDescription":"Aplat has created a culinary design collection for sharing food and wine. ","slug":"aplat","thumbnailUrl":"https://goodeggs4.imgix.net/9b22a1b0-38bb-11eb-9263-15dc573dd158?w=560&h=350&fm=jpg&q=41&fit=crop&crop=faces","url":"/aplat"},"otherProducers":[],"productType":"Paper Towels","canSubscribe":false,"availabilitiesByDay":{"2021-05-24":{"status":"available","quantity":130},"2021-05-25":{"status":"available","quantity":130},"2021-05-26":{"status":"available","quantity":130},"2021-05-27":{"status":"available","quantity":130},"2021-05-28":{"status":"available","quantity":130},"2021-05-29":{"status":"available","quantity":130}},"isMealPlan":false},"607a1cf7c8e29000124e2b12":{"id":"607a1cf7c8e29000124e2b12","name":"1000 Roses Soothing Body Lotion","photoUrl":"https://goodeggs4.imgix.net/bfcd2c9e-02ba-4457-a297-0262997f5eb7.jpeg?w=380&h=238&fm=jpg&auto=compress&fit=crop","url":"/sfbay/andalounaturals/1000-roses-soothing-body-lotion/607a1cf7c8e29000124e2b12","promotionalProductType":"none","isDeliveryRestricted":false,"orderTypes":["single"],"retailUnits":"8 oz","retailPrice":999,"quantityOptions":[{"quantitySubscriptionDiscount":0,"quantity":1},{"quantitySubscriptionDiscount":0,"quantity":2},{"quantitySubscriptionDiscount":0,"quantity":3},{"quantitySubscriptionDiscount":0,"quantity":4},{"quantitySubscriptionDiscount":0,"quantity":5},{"quantitySubscriptionDiscount":0,"quantity":6},{"quantitySubscriptionDiscount":0,"quantity":7},{"quantitySubscriptionDiscount":0,"quantity":8},{"quantitySubscriptionDiscount":0,"quantity":9},{"quantitySubscriptionDiscount":0,"quantity":10}],"quantityDetails":"8 oz","comparisonUnitPrice":124,"comparisonUnitName":"oz","maxQuantity":10,"scheduleEntries":[],"vendor":{"city":"Petaluma, CA","name":"Andalou Naturals","shortDescription":"Andalou Naturals creates natural skin, hair, and body care products using science in tandem with nature. ","slug":"andalounaturals","thumbnailUrl":"https://goodeggs4.imgix.net/b7557333-b2a4-4ad7-aa63-bbb10de9cbeb.jpg?w=560&h=350&fm=jpg&q=41&fit=crop&crop=faces","url":"/andalounaturals"},"currentProducer":{"city":"Petaluma, CA","name":"Andalou Naturals","shortDescription":"Andalou Naturals creates natural skin, hair, and body care products using science in tandem with nature. ","slug":"andalounaturals","thumbnailUrl":"https://goodeggs4.imgix.net/b7557333-b2a4-4ad7-aa63-bbb10de9cbeb.jpg?w=560&h=350&fm=jpg&q=41&fit=crop&crop=faces","url":"/andalounaturals"},"otherProducers":[],"productType":"Personal Care","canSubscribe":false,"availabilitiesByDay":{"2021-05-24":{"status":"available","quantity":41},"2021-05-25":{"status":"available","quantity":41},"2021-05-26":{"status":"available","quantity":41},"2021-05-27":{"status":"available","quantity":41},"2021-05-28":{"status":"available","quantity":41},"2021-05-29":{"status":"available","quantity":41}},"isMealPlan":false},"604a92d7f7699c0012bd65bc":{"id":"604a92d7f7699c0012bd65bc","name":"Unscented Lotion","photoUrl":"https://goodeggs4.imgix.net/1a305732-4e2a-4d0a-9009-701ed8d119c5.jpeg?w=380&h=238&fm=jpg&auto=compress&fit=crop","url":"/sfbay/eoproductssfbay/unscented-lotion/604a92d7f7699c0012bd65bc","promotionalProductType":"none","isDeliveryRestricted":false,"orderTypes":["single"],"retailUnits":"32 oz","retailPrice":1199,"quantityOptions":[{"quantitySubscriptionDiscount":0,"quantity":1},{"quantitySubscriptionDiscount":0,"quantity":2},{"quantitySubscriptionDiscount":0,"quantity":3},{"quantitySubscriptionDiscount":0,"quantity":4},{"quantitySubscriptionDiscount":0,"quantity":5},{"quantitySubscriptionDiscount":0,"quantity":6},{"quantitySubscriptionDiscount":0,"quantity":7},{"quantitySubscriptionDiscount":0,"quantity":8},{"quantitySubscriptionDiscount":0,"quantity":9},{"quantitySubscriptionDiscount":0,"quantity":10}],"quantityDetails":"32 oz","comparisonUnitPrice":37,"comparisonUnitName":"oz","maxQuantity":10,"scheduleEntries":[],"vendor":{"city":"San Rafael, CA","name":"EO/Everyone","shortDescription":"Based on the knowledge of 23 years in the industry, EO/Everyone makes products that are as natural as possible, while still being effective and safe for you and your family to use.","slug":"eoproductssfbay","thumbnailUrl":"https://goodeggs4.imgix.net/5HcHmmiSO5cgAXC2KJlw_Screen Shot 2018-10-30 at 11.15.19 AM.png?w=560&h=350&fm=jpg&q=41&fit=crop&crop=faces","url":"/eoproductssfbay"},"currentProducer":{"city":"San Rafael, CA","name":"EO/Everyone","shortDescription":"Based on the knowledge of 23 years in the industry, EO/Everyone makes products that are as natural as possible, while still being effective and safe for you and your family to use.","slug":"eoproductssfbay","thumbnailUrl":"https://goodeggs4.imgix.net/5HcHmmiSO5cgAXC2KJlw_Screen Shot 2018-10-30 at 11.15.19 AM.png?w=560&h=350&fm=jpg&q=41&fit=crop&crop=faces","url":"/eoproductssfbay"},"otherProducers":[],"productType":"Personal Care","canSubscribe":false,"availabilitiesByDay":{"2021-05-24":{"status":"available","quantity":23},"2021-05-25":{"status":"available","quantity":23},"2021-05-26":{"status":"available","quantity":23},"2021-05-27":{"status":"available","quantity":23},"2021-05-28":{"status":"available","quantity":23},"2021-05-29":{"status":"available","quantity":23}},"isMealPlan":false},"604a91c6f7699c0012bd65ba":{"id":"604a91c6f7699c0012bd65ba","name":"Lavender & Aloe Lotion","photoUrl":"https://goodeggs4.imgix.net/55890894-f4dd-4e3b-b57d-7d06f31b9161.jpeg?w=380&h=238&fm=jpg&auto=compress&fit=crop","url":"/sfbay/eoproductssfbay/lavender-aloe-lotion/604a91c6f7699c0012bd65ba","promotionalProductType":"none","isDeliveryRestricted":false,"orderTypes":["single"],"retailUnits":"32 oz","retailPrice":1199,"quantityOptions":[{"quantitySubscriptionDiscount":0,"quantity":1},{"quantitySubscriptionDiscount":0,"quantity":2},{"quantitySubscriptionDiscount":0,"quantity":3},{"quantitySubscriptionDiscount":0,"quantity":4},{"quantitySubscriptionDiscount":0,"quantity":5},{"quantitySubscriptionDiscount":0,"quantity":6},{"quantitySubscriptionDiscount":0,"quantity":7},{"quantitySubscriptionDiscount":0,"quantity":8},{"quantitySubscriptionDiscount":0,"quantity":9},{"quantitySubscriptionDiscount":0,"quantity":10}],"quantityDetails":"32 oz","comparisonUnitPrice":37,"comparisonUnitName":"oz","maxQuantity":10,"scheduleEntries":[],"vendor":{"city":"San Rafael, CA","name":"EO/Everyone","shortDescription":"Based on the knowledge of 23 years in the industry, EO/Everyone makes products that are as natural as possible, while still being effective and safe for you and your family to use.","slug":"eoproductssfbay","thumbnailUrl":"https://goodeggs4.imgix.net/5HcHmmiSO5cgAXC2KJlw_Screen Shot 2018-10-30 at 11.15.19 AM.png?w=560&h=350&fm=jpg&q=41&fit=crop&crop=faces","url":"/eoproductssfbay"},"currentProducer":{"city":"San Rafael, CA","name":"EO/Everyone","shortDescription":"Based on the knowledge of 23 years in the industry, EO/Everyone makes products that are as natural as possible, while still being effective and safe for you and your family to use.","slug":"eoproductssfbay","thumbnailUrl":"https://goodeggs4.imgix.net/5HcHmmiSO5cgAXC2KJlw_Screen Shot 2018-10-30 at 11.15.19 AM.png?w=560&h=350&fm=jpg&q=41&fit=crop&crop=faces","url":"/eoproductssfbay"},"otherProducers":[],"productType":"Personal Care","canSubscribe":false,"availabilitiesByDay":{"2021-05-24":{"status":"available","quantity":27},"2021-05-25":{"status":"available","quantity":27},"2021-05-26":{"status":"available","quantity":27},"2021-05-27":{"status":"available","quantity":27},"2021-05-28":{"status":"available","quantity":27},"2021-05-29":{"status":"available","quantity":27}},"isMealPlan":false},"607a1b2c513fe4001246ec78":{"id":"607a1b2c513fe4001246ec78","name":"1000 Roses Soothing Body Lotion","photoUrl":"https://goodeggs4.imgix.net/7f345cda-ac90-4d2e-b0f8-63cc00f3118c.jpeg?w=380&h=238&fm=jpg&auto=compress&fit=crop","url":"/sfbay/andalounaturals/1000-roses-soothing-body-lotion/607a1b2c513fe4001246ec78","promotionalProductType":"none","isDeliveryRestricted":false,"orderTypes":["single"],"retailUnits":"32 oz","retailPrice":1899,"quantityOptions":[{"quantitySubscriptionDiscount":0,"quantity":1},{"quantitySubscriptionDiscount":0,"quantity":2},{"quantitySubscriptionDiscount":0,"quantity":3},{"quantitySubscriptionDiscount":0,"quantity":4},{"quantitySubscriptionDiscount":0,"quantity":5},{"quantitySubscriptionDiscount":0,"quantity":6},{"quantitySubscriptionDiscount":0,"quantity":7},{"quantitySubscriptionDiscount":0,"quantity":8},{"quantitySubscriptionDiscount":0,"quantity":9},{"quantitySubscriptionDiscount":0,"quantity":10}],"quantityDetails":"32 oz","comparisonUnitPrice":59,"comparisonUnitName":"oz","maxQuantity":10,"scheduleEntries":[],"vendor":{"city":"Petaluma, CA","name":"Andalou Naturals","shortDescription":"Andalou Naturals creates natural skin, hair, and body care products using science in tandem with nature. ","slug":"andalounaturals","thumbnailUrl":"https://goodeggs4.imgix.net/b7557333-b2a4-4ad7-aa63-bbb10de9cbeb.jpg?w=560&h=350&fm=jpg&q=41&fit=crop&crop=faces","url":"/andalounaturals"},"currentProducer":{"city":"Petaluma, CA","name":"Andalou Naturals","shortDescription":"Andalou Naturals creates natural skin, hair, and body care products using science in tandem with nature. ","slug":"andalounaturals","thumbnailUrl":"https://goodeggs4.imgix.net/b7557333-b2a4-4ad7-aa63-bbb10de9cbeb.jpg?w=560&h=350&fm=jpg&q=41&fit=crop&crop=faces","url":"/andalounaturals"},"otherProducers":[],"productType":"Personal Care","canSubscribe":false,"availabilitiesByDay":{"2021-05-24":{"status":"available","quantity":53},"2021-05-25":{"status":"available","quantity":53},"2021-05-26":{"status":"available","quantity":53},"2021-05-27":{"status":"available","quantity":53},"2021-05-28":{"status":"available","quantity":53},"2021-05-29":{"status":"available","quantity":53}},"isMealPlan":false},"604a905abcf73300130e2e57":{"id":"604a905abcf73300130e2e57","name":"Coconut & Lemon Lotion","photoUrl":"https://goodeggs4.imgix.net/96c98ca6-49a2-403f-b445-f17ed4184bfe.jpeg?w=380&h=238&fm=jpg&auto=compress&fit=crop","url":"/sfbay/eoproductssfbay/coconut-lemon-lotion/604a905abcf73300130e2e57","promotionalProductType":"none","isDeliveryRestricted":false,"orderTypes":["single"],"retailUnits":"32 oz","retailPrice":1199,"quantityOptions":[{"quantitySubscriptionDiscount":0,"quantity":1},{"quantitySubscriptionDiscount":0,"quantity":2},{"quantitySubscriptionDiscount":0,"quantity":3},{"quantitySubscriptionDiscount":0,"quantity":4},{"quantitySubscriptionDiscount":0,"quantity":5},{"quantitySubscriptionDiscount":0,"quantity":6},{"quantitySubscriptionDiscount":0,"quantity":7},{"quantitySubscriptionDiscount":0,"quantity":8},{"quantitySubscriptionDiscount":0,"quantity":9},{"quantitySubscriptionDiscount":0,"quantity":10}],"quantityDetails":"32 oz","comparisonUnitPrice":37,"comparisonUnitName":"oz","maxQuantity":10,"scheduleEntries":[],"vendor":{"city":"San Rafael, CA","name":"EO/Everyone","shortDescription":"Based on the knowledge of 23 years in the industry, EO/Everyone makes products that are as natural as possible, while still being effective and safe for you and your family to use.","slug":"eoproductssfbay","thumbnailUrl":"https://goodeggs4.imgix.net/5HcHmmiSO5cgAXC2KJlw_Screen Shot 2018-10-30 at 11.15.19 AM.png?w=560&h=350&fm=jpg&q=41&fit=crop&crop=faces","url":"/eoproductssfbay"},"currentProducer":{"city":"San Rafael, CA","name":"EO/Everyone","shortDescription":"Based on the knowledge of 23 years in the industry, EO/Everyone makes products that are as natural as possible, while still being effective and safe for you and your family to use.","slug":"eoproductssfbay","thumbnailUrl":"https://goodeggs4.imgix.net/5HcHmmiSO5cgAXC2KJlw_Screen Shot 2018-10-30 at 11.15.19 AM.png?w=560&h=350&fm=jpg&q=41&fit=crop&crop=faces","url":"/eoproductssfbay"},"otherProducers":[],"productType":"Personal Care","canSubscribe":false,"availabilitiesByDay":{"2021-05-24":{"status":"available","quantity":32},"2021-05-25":{"status":"available","quantity":32},"2021-05-26":{"status":"available","quantity":32},"2021-05-27":{"status":"available","quantity":32},"2021-05-28":{"status":"available","quantity":32},"2021-05-29":{"status":"available","quantity":32}},"isMealPlan":false},"607a1587513fe4001246ec76":{"id":"607a1587513fe4001246ec76","name":"Lavender Thyme Refreshing Body Lotion","photoUrl":"https://goodeggs4.imgix.net/79261975-9499-4c72-9315-bac173faceae.jpeg?w=380&h=238&fm=jpg&auto=compress&fit=crop","url":"/sfbay/andalounaturals/lavender-thyme-refreshing-body-lotion/607a1587513fe4001246ec76","promotionalProductType":"none","isDeliveryRestricted":false,"orderTypes":["single"],"retailUnits":"32 oz","retailPrice":1899,"quantityOptions":[{"quantitySubscriptionDiscount":0,"quantity":1},{"quantitySubscriptionDiscount":0,"quantity":2},{"quantitySubscriptionDiscount":0,"quantity":3},{"quantitySubscriptionDiscount":0,"quantity":4},{"quantitySubscriptionDiscount":0,"quantity":5},{"quantitySubscriptionDiscount":0,"quantity":6},{"quantitySubscriptionDiscount":0,"quantity":7},{"quantitySubscriptionDiscount":0,"quantity":8},{"quantitySubscriptionDiscount":0,"quantity":9},{"quantitySubscriptionDiscount":0,"quantity":10}],"quantityDetails":"32 oz","comparisonUnitPrice":59,"comparisonUnitName":"oz","maxQuantity":10,"scheduleEntries":[],"vendor":{"city":"Petaluma, CA","name":"Andalou Naturals","shortDescription":"Andalou Naturals creates natural skin, hair, and body care products using science in tandem with nature. ","slug":"andalounaturals","thumbnailUrl":"https://goodeggs4.imgix.net/b7557333-b2a4-4ad7-aa63-bbb10de9cbeb.jpg?w=560&h=350&fm=jpg&q=41&fit=crop&crop=faces","url":"/andalounaturals"},"currentProducer":{"city":"Petaluma, CA","name":"Andalou Naturals","shortDescription":"Andalou Naturals creates natural skin, hair, and body care products using science in tandem with nature. ","slug":"andalounaturals","thumbnailUrl":"https://goodeggs4.imgix.net/b7557333-b2a4-4ad7-aa63-bbb10de9cbeb.jpg?w=560&h=350&fm=jpg&q=41&fit=crop&crop=faces","url":"/andalounaturals"},"otherProducers":[],"productType":"Personal Care","canSubscribe":false,"availabilitiesByDay":{"2021-05-24":{"status":"available","quantity":38},"2021-05-25":{"status":"available","quantity":38},"2021-05-26":{"status":"available","quantity":38},"2021-05-27":{"status":"available","quantity":38},"2021-05-28":{"status":"available","quantity":38},"2021-05-29":{"status":"available","quantity":38}},"isMealPlan":false},"607a1da1844953001228e99a":{"id":"607a1da1844953001228e99a","name":"Citrus Sunflower Uplifting Body Lotion","photoUrl":"https://goodeggs4.imgix.net/0bd8a37e-642a-4398-af4d-72ad42edac27.jpeg?w=380&h=238&fm=jpg&auto=compress&fit=crop","url":"/sfbay/andalounaturals/citrus-sunflower-uplifting-body-lotion/607a1da1844953001228e99a","promotionalProductType":"none","isDeliveryRestricted":false,"orderTypes":["single"],"retailUnits":"8 oz","retailPrice":999,"quantityOptions":[{"quantitySubscriptionDiscount":0,"quantity":1},{"quantitySubscriptionDiscount":0,"quantity":2},{"quantitySubscriptionDiscount":0,"quantity":3},{"quantitySubscriptionDiscount":0,"quantity":4},{"quantitySubscriptionDiscount":0,"quantity":5},{"quantitySubscriptionDiscount":0,"quantity":6},{"quantitySubscriptionDiscount":0,"quantity":7},{"quantitySubscriptionDiscount":0,"quantity":8},{"quantitySubscriptionDiscount":0,"quantity":9},{"quantitySubscriptionDiscount":0,"quantity":10}],"quantityDetails":"8 oz","comparisonUnitPrice":124,"comparisonUnitName":"oz","maxQuantity":10,"scheduleEntries":[],"vendor":{"city":"Petaluma, CA","name":"Andalou Naturals","shortDescription":"Andalou Naturals creates natural skin, hair, and body care products using science in tandem with nature. ","slug":"andalounaturals","thumbnailUrl":"https://goodeggs4.imgix.net/b7557333-b2a4-4ad7-aa63-bbb10de9cbeb.jpg?w=560&h=350&fm=jpg&q=41&fit=crop&crop=faces","url":"/andalounaturals"},"currentProducer":{"city":"Petaluma, CA","name":"Andalou Naturals","shortDescription":"Andalou Naturals creates natural skin, hair, and body care products using science in tandem with nature. ","slug":"andalounaturals","thumbnailUrl":"https://goodeggs4.imgix.net/b7557333-b2a4-4ad7-aa63-bbb10de9cbeb.jpg?w=560&h=350&fm=jpg&q=41&fit=crop&crop=faces","url":"/andalounaturals"},"otherProducers":[],"productType":"Personal Care","canSubscribe":false,"availabilitiesByDay":{"2021-05-24":{"status":"available","quantity":67},"2021-05-25":{"status":"available","quantity":67},"2021-05-26":{"status":"available","quantity":67},"2021-05-27":{"status":"available","quantity":67},"2021-05-28":{"status":"available","quantity":67},"2021-05-29":{"status":"available","quantity":67}},"isMealPlan":false},"5fa9f0650f2c17000e7ba40d":{"id":"5fa9f0650f2c17000e7ba40d","name":"Melatonin Gummies","photoUrl":"https://goodeggs4.imgix.net/3fb5881b-9d43-4c06-8337-10fae7288a37.jpg?w=380&h=238&fm=jpg&auto=compress&fit=crop","url":"/sfbay/nordicnaturals/melatonin-gummies/5fa9f0650f2c17000e7ba40d","promotionalProductType":"none","isDeliveryRestricted":false,"orderTypes":["single"],"retailUnits":"60 count","retailPrice":1999,"quantityOptions":[{"quantitySubscriptionDiscount":0,"quantity":1},{"quantitySubscriptionDiscount":0,"quantity":2},{"quantitySubscriptionDiscount":0,"quantity":3},{"quantitySubscriptionDiscount":0,"quantity":4},{"quantitySubscriptionDiscount":0,"quantity":5},{"quantitySubscriptionDiscount":0,"quantity":6},{"quantitySubscriptionDiscount":0,"quantity":7},{"quantitySubscriptionDiscount":0,"quantity":8},{"quantitySubscriptionDiscount":0,"quantity":9},{"quantitySubscriptionDiscount":0,"quantity":10}],"quantityDetails":"60 ct","comparisonUnitPrice":null,"comparisonUnitName":null,"maxQuantity":10,"scheduleEntries":[],"vendor":{"city":"Watsonville, CA","name":"Nordic Naturals Inc.","shortDescription":"Nordic Naturals is committed to delivering the world\u2019s safest, most effective nutrients essential to health. ","slug":"nordicnaturals","thumbnailUrl":"https://goodeggs4.imgix.net/7a09a310-22e1-11eb-8e1d-83c696abbca7?w=560&h=350&fm=jpg&q=41&fit=crop&crop=faces","url":"/nordicnaturals"},"currentProducer":{"city":"Watsonville, CA","name":"Nordic Naturals Inc.","shortDescription":"Nordic Naturals is committed to delivering the world\u2019s safest, most effective nutrients essential to health. ","slug":"nordicnaturals","thumbnailUrl":"https://goodeggs4.imgix.net/7a09a310-22e1-11eb-8e1d-83c696abbca7?w=560&h=350&fm=jpg&q=41&fit=crop&crop=faces","url":"/nordicnaturals"},"otherProducers":[],"productType":"Sleep & Stress, Sleep Gummies","canSubscribe":false,"availabilitiesByDay":{"2021-05-24":{"status":"available","quantity":65},"2021-05-25":{"status":"available","quantity":65},"2021-05-26":{"status":"available","quantity":65},"2021-05-27":{"status":"available","quantity":65},"2021-05-28":{"status":"available","quantity":65},"2021-05-29":{"status":"available","quantity":65}},"isMealPlan":false},"5f9233e77291af000e8964b9":{"id":"5f9233e77291af000e8964b9","name":"You're a Knockout Sleep & Stress","photoUrl":"https://goodeggs4.imgix.net/cbd74692-f593-404a-9053-978a7e94f75f.jpg?w=380&h=238&fm=jpg&auto=compress&fit=crop","url":"/sfbay/oraorganic/you-re-a-knockout-sleep-stress/5f9233e77291af000e8964b9","promotionalProductType":"none","isDeliveryRestricted":false,"orderTypes":["single"],"retailUnits":"60 count","retailPrice":3499,"quantityOptions":[{"quantitySubscriptionDiscount":0,"quantity":1},{"quantitySubscriptionDiscount":0,"quantity":2},{"quantitySubscriptionDiscount":0,"quantity":3},{"quantitySubscriptionDiscount":0,"quantity":4},{"quantitySubscriptionDiscount":0,"quantity":5},{"quantitySubscriptionDiscount":0,"quantity":6},{"quantitySubscriptionDiscount":0,"quantity":7},{"quantitySubscriptionDiscount":0,"quantity":8},{"quantitySubscriptionDiscount":0,"quantity":9},{"quantitySubscriptionDiscount":0,"quantity":10}],"quantityDetails":"60 capsules, 30 day supply","comparisonUnitPrice":null,"comparisonUnitName":null,"maxQuantity":10,"scheduleEntries":[],"vendor":{"city":"Austin, TX","name":"Ora Organic","shortDescription":"Ora Organic creates products without the use of anything artificial, only use plant-based ingredients, and source organic wherever possible.","slug":"oraorganic","thumbnailUrl":"https://goodeggs4.imgix.net/bdd11e40-14ca-11eb-839b-9b7371ce7055?w=560&h=350&fm=jpg&q=41&fit=crop&crop=faces","url":"/oraorganic"},"currentProducer":{"city":"Austin, TX","name":"Ora Organic","shortDescription":"Ora Organic creates products without the use of anything artificial, only use plant-based ingredients, and source organic wherever possible.","slug":"oraorganic","thumbnailUrl":"https://goodeggs4.imgix.net/bdd11e40-14ca-11eb-839b-9b7371ce7055?w=560&h=350&fm=jpg&q=41&fit=crop&crop=faces","url":"/oraorganic"},"otherProducers":[],"productType":"Sleep & Stress, Sleep Capsules","canSubscribe":false,"availabilitiesByDay":{"2021-05-24":{"status":"available","quantity":164},"2021-05-25":{"status":"available","quantity":164},"2021-05-26":{"status":"available","quantity":164},"2021-05-27":{"status":"available","quantity":164},"2021-05-28":{"status":"available","quantity":164},"2021-05-29":{"status":"available","quantity":164}},"isMealPlan":false},"5fa9fd7f062445000eb2b582":{"id":"5fa9fd7f062445000eb2b582","name":"Wild Berries Vitamin D3 Gummies","photoUrl":"https://goodeggs4.imgix.net/5c91b6a8-ceaf-4576-8949-1b2136b0956f.jpg?w=380&h=238&fm=jpg&auto=compress&fit=crop","url":"/sfbay/nordicnaturals/wild-berries-vitamin-d3-gummies/5fa9fd7f062445000eb2b582","promotionalProductType":"none","isDeliveryRestricted":false,"orderTypes":["single"],"retailUnits":"60 count","retailPrice":1349,"quantityOptions":[{"quantitySubscriptionDiscount":0,"quantity":1},{"quantitySubscriptionDiscount":0,"quantity":2},{"quantitySubscriptionDiscount":0,"quantity":3},{"quantitySubscriptionDiscount":0,"quantity":4},{"quantitySubscriptionDiscount":0,"quantity":5},{"quantitySubscriptionDiscount":0,"quantity":6},{"quantitySubscriptionDiscount":0,"quantity":7},{"quantitySubscriptionDiscount":0,"quantity":8},{"quantitySubscriptionDiscount":0,"quantity":9},{"quantitySubscriptionDiscount":0,"quantity":10}],"quantityDetails":"60 ct gummies","comparisonUnitPrice":null,"comparisonUnitName":null,"maxQuantity":10,"scheduleEntries":[],"vendor":{"city":"Watsonville, CA","name":"Nordic Naturals Inc.","shortDescription":"Nordic Naturals is committed to delivering the world\u2019s safest, most effective nutrients essential to health. ","slug":"nordicnaturals","thumbnailUrl":"https://goodeggs4.imgix.net/7a09a310-22e1-11eb-8e1d-83c696abbca7?w=560&h=350&fm=jpg&q=41&fit=crop&crop=faces","url":"/nordicnaturals"},"currentProducer":{"city":"Watsonville, CA","name":"Nordic Naturals Inc.","shortDescription":"Nordic Naturals is committed to delivering the world\u2019s safest, most effective nutrients essential to health. ","slug":"nordicnaturals","thumbnailUrl":"https://goodeggs4.imgix.net/7a09a310-22e1-11eb-8e1d-83c696abbca7?w=560&h=350&fm=jpg&q=41&fit=crop&crop=faces","url":"/nordicnaturals"},"otherProducers":[],"productType":"Vitamin D","canSubscribe":false,"availabilitiesByDay":{"2021-05-24":{"status":"available","quantity":209},"2021-05-25":{"status":"available","quantity":209},"2021-05-26":{"status":"available","quantity":209},"2021-05-27":{"status":"available","quantity":209},"2021-05-28":{"status":"available","quantity":209},"2021-05-29":{"status":"available","quantity":209}},"isMealPlan":false},"5fa9ef330f2c17000e7ba3f3":{"id":"5fa9ef330f2c17000e7ba3f3","name":"Vitamin D3 Gummies for Kids","photoUrl":"https://goodeggs4.imgix.net/dbfcc6eb-1c44-4b79-b6c1-ada0ddccfb93.jpg?w=380&h=238&fm=jpg&auto=compress&fit=crop","url":"/sfbay/nordicnaturals/vitamin-d3-gummies-for-kids/5fa9ef330f2c17000e7ba3f3","promotionalProductType":"none","isDeliveryRestricted":false,"orderTypes":["single"],"retailUnits":"60 count","retailPrice":1249,"quantityOptions":[{"quantitySubscriptionDiscount":0,"quantity":1},{"quantitySubscriptionDiscount":0,"quantity":2},{"quantitySubscriptionDiscount":0,"quantity":3},{"quantitySubscriptionDiscount":0,"quantity":4},{"quantitySubscriptionDiscount":0,"quantity":5},{"quantitySubscriptionDiscount":0,"quantity":6},{"quantitySubscriptionDiscount":0,"quantity":7},{"quantitySubscriptionDiscount":0,"quantity":8},{"quantitySubscriptionDiscount":0,"quantity":9},{"quantitySubscriptionDiscount":0,"quantity":10}],"quantityDetails":"60 ct","comparisonUnitPrice":null,"comparisonUnitName":null,"maxQuantity":10,"scheduleEntries":[],"vendor":{"city":"Watsonville, CA","name":"Nordic Naturals Inc.","shortDescription":"Nordic Naturals is committed to delivering the world\u2019s safest, most effective nutrients essential to health. ","slug":"nordicnaturals","thumbnailUrl":"https://goodeggs4.imgix.net/7a09a310-22e1-11eb-8e1d-83c696abbca7?w=560&h=350&fm=jpg&q=41&fit=crop&crop=faces","url":"/nordicnaturals"},"currentProducer":{"city":"Watsonville, CA","name":"Nordic Naturals Inc.","shortDescription":"Nordic Naturals is committed to delivering the world\u2019s safest, most effective nutrients essential to health. ","slug":"nordicnaturals","thumbnailUrl":"https://goodeggs4.imgix.net/7a09a310-22e1-11eb-8e1d-83c696abbca7?w=560&h=350&fm=jpg&q=41&fit=crop&crop=faces","url":"/nordicnaturals"},"otherProducers":[],"productType":"Vitamin D","canSubscribe":false,"availabilitiesByDay":{"2021-05-24":{"status":"available","quantity":84},"2021-05-25":{"status":"available","quantity":84},"2021-05-26":{"status":"available","quantity":84},"2021-05-27":{"status":"available","quantity":84},"2021-05-28":{"status":"available","quantity":84},"2021-05-29":{"status":"available","quantity":84}},"isMealPlan":false},"5fa9ef33062445000eb2b526":{"id":"5fa9ef33062445000eb2b526","name":"Children's DHA Gummies","photoUrl":"https://goodeggs4.imgix.net/b1fcb79a-ed4b-4ea9-b5e9-e3369b5bc896.jpg?w=380&h=238&fm=jpg&auto=compress&fit=crop","url":"/sfbay/nordicnaturals/childrens-dha-gummies/5fa9ef33062445000eb2b526","promotionalProductType":"none","isDeliveryRestricted":false,"orderTypes":["single"],"retailUnits":"30 count","retailPrice":2199,"quantityOptions":[{"quantitySubscriptionDiscount":0,"quantity":1},{"quantitySubscriptionDiscount":0,"quantity":2},{"quantitySubscriptionDiscount":0,"quantity":3},{"quantitySubscriptionDiscount":0,"quantity":4},{"quantitySubscriptionDiscount":0,"quantity":5},{"quantitySubscriptionDiscount":0,"quantity":6},{"quantitySubscriptionDiscount":0,"quantity":7},{"quantitySubscriptionDiscount":0,"quantity":8},{"quantitySubscriptionDiscount":0,"quantity":9},{"quantitySubscriptionDiscount":0,"quantity":10}],"quantityDetails":"30 ct","comparisonUnitPrice":null,"comparisonUnitName":null,"maxQuantity":10,"scheduleEntries":[],"vendor":{"city":"Watsonville, CA","name":"Nordic Naturals Inc.","shortDescription":"Nordic Naturals is committed to delivering the world\u2019s safest, most effective nutrients essential to health. ","slug":"nordicnaturals","thumbnailUrl":"https://goodeggs4.imgix.net/7a09a310-22e1-11eb-8e1d-83c696abbca7?w=560&h=350&fm=jpg&q=41&fit=crop&crop=faces","url":"/nordicnaturals"},"currentProducer":{"city":"Watsonville, CA","name":"Nordic Naturals Inc.","shortDescription":"Nordic Naturals is committed to delivering the world\u2019s safest, most effective nutrients essential to health. ","slug":"nordicnaturals","thumbnailUrl":"https://goodeggs4.imgix.net/7a09a310-22e1-11eb-8e1d-83c696abbca7?w=560&h=350&fm=jpg&q=41&fit=crop&crop=faces","url":"/nordicnaturals"},"otherProducers":[],"productType":"Other Letter Vitamins","canSubscribe":false,"availabilitiesByDay":{"2021-05-24":{"status":"available","quantity":182},"2021-05-25":{"status":"available","quantity":182},"2021-05-26":{"status":"available","quantity":182},"2021-05-27":{"status":"available","quantity":182},"2021-05-28":{"status":"available","quantity":182},"2021-05-29":{"status":"available","quantity":182}},"isMealPlan":false},"5fa9eea0062445000eb2b50c":{"id":"5fa9eea0062445000eb2b50c","name":"Citrus Nordic Berries Multivitamins","photoUrl":"https://goodeggs4.imgix.net/822b7778-2a84-4c6a-9d84-884c76fa6875.jpg?w=380&h=238&fm=jpg&auto=compress&fit=crop","url":"/sfbay/nordicnaturals/citrus-nordic-berries-multivitamins/5fa9eea0062445000eb2b50c","promotionalProductType":"none","isDeliveryRestricted":false,"orderTypes":["single"],"retailUnits":"120 count","retailPrice":2599,"quantityOptions":[{"quantitySubscriptionDiscount":0,"quantity":1},{"quantitySubscriptionDiscount":0,"quantity":2},{"quantitySubscriptionDiscount":0,"quantity":3},{"quantitySubscriptionDiscount":0,"quantity":4},{"quantitySubscriptionDiscount":0,"quantity":5},{"quantitySubscriptionDiscount":0,"quantity":6},{"quantitySubscriptionDiscount":0,"quantity":7},{"quantitySubscriptionDiscount":0,"quantity":8},{"quantitySubscriptionDiscount":0,"quantity":9},{"quantitySubscriptionDiscount":0,"quantity":10}],"quantityDetails":"120 ct","comparisonUnitPrice":null,"comparisonUnitName":null,"maxQuantity":10,"scheduleEntries":[],"vendor":{"city":"Watsonville, CA","name":"Nordic Naturals Inc.","shortDescription":"Nordic Naturals is committed to delivering the world\u2019s safest, most effective nutrients essential to health. ","slug":"nordicnaturals","thumbnailUrl":"https://goodeggs4.imgix.net/7a09a310-22e1-11eb-8e1d-83c696abbca7?w=560&h=350&fm=jpg&q=41&fit=crop&crop=faces","url":"/nordicnaturals"},"currentProducer":{"city":"Watsonville, CA","name":"Nordic Naturals Inc.","shortDescription":"Nordic Naturals is committed to delivering the world\u2019s safest, most effective nutrients essential to health. ","slug":"nordicnaturals","thumbnailUrl":"https://goodeggs4.imgix.net/7a09a310-22e1-11eb-8e1d-83c696abbca7?w=560&h=350&fm=jpg&q=41&fit=crop&crop=faces","url":"/nordicnaturals"},"otherProducers":[],"productType":"Women's Multivitamins","canSubscribe":false,"availabilitiesByDay":{"2021-05-24":{"status":"available","quantity":133},"2021-05-25":{"status":"available","quantity":133},"2021-05-26":{"status":"available","quantity":133},"2021-05-27":{"status":"available","quantity":133},"2021-05-28":{"status":"available","quantity":133},"2021-05-29":{"status":"available","quantity":133}},"isMealPlan":false},"5fa9f101062445000eb2b540":{"id":"5fa9f101062445000eb2b540","name":"Vitamin C Gummies","photoUrl":"https://goodeggs4.imgix.net/c46679f5-bd1d-4a30-9cc1-bc96a57beaee.jpg?w=380&h=238&fm=jpg&auto=compress&fit=crop","url":"/sfbay/nordicnaturals/vitamin-c-gummies/5fa9f101062445000eb2b540","promotionalProductType":"none","isDeliveryRestricted":false,"orderTypes":["single"],"retailUnits":"60 count","retailPrice":1349,"quantityOptions":[{"quantitySubscriptionDiscount":0,"quantity":1},{"quantitySubscriptionDiscount":0,"quantity":2},{"quantitySubscriptionDiscount":0,"quantity":3},{"quantitySubscriptionDiscount":0,"quantity":4},{"quantitySubscriptionDiscount":0,"quantity":5},{"quantitySubscriptionDiscount":0,"quantity":6},{"quantitySubscriptionDiscount":0,"quantity":7},{"quantitySubscriptionDiscount":0,"quantity":8},{"quantitySubscriptionDiscount":0,"quantity":9},{"quantitySubscriptionDiscount":0,"quantity":10}],"quantityDetails":"60 ct","comparisonUnitPrice":null,"comparisonUnitName":null,"maxQuantity":10,"scheduleEntries":[],"vendor":{"city":"Watsonville, CA","name":"Nordic Naturals Inc.","shortDescription":"Nordic Naturals is committed to delivering the world\u2019s safest, most effective nutrients essential to health. ","slug":"nordicnaturals","thumbnailUrl":"https://goodeggs4.imgix.net/7a09a310-22e1-11eb-8e1d-83c696abbca7?w=560&h=350&fm=jpg&q=41&fit=crop&crop=faces","url":"/nordicnaturals"},"currentProducer":{"city":"Watsonville, CA","name":"Nordic Naturals Inc.","shortDescription":"Nordic Naturals is committed to delivering the world\u2019s safest, most effective nutrients essential to health. ","slug":"nordicnaturals","thumbnailUrl":"https://goodeggs4.imgix.net/7a09a310-22e1-11eb-8e1d-83c696abbca7?w=560&h=350&fm=jpg&q=41&fit=crop&crop=faces","url":"/nordicnaturals"},"otherProducers":[],"productType":"Vitamin C","canSubscribe":false,"availabilitiesByDay":{"2021-05-24":{"status":"available","quantity":265},"2021-05-25":{"status":"available","quantity":265},"2021-05-26":{"status":"available","quantity":265},"2021-05-27":{"status":"available","quantity":265},"2021-05-28":{"status":"available","quantity":265},"2021-05-29":{"status":"available","quantity":265}},"isMealPlan":false},"5faa042e062445000eb2b595":{"id":"5faa042e062445000eb2b595","name":"Nordic Probiotic Gummies for Kids","photoUrl":"https://goodeggs4.imgix.net/0d248028-a357-492c-a594-9ee80bfbbc97.jpg?w=380&h=238&fm=jpg&auto=compress&fit=crop","url":"/sfbay/nordicnaturals/nordic-probiotic-gummies-for-kids/5faa042e062445000eb2b595","promotionalProductType":"none","isDeliveryRestricted":false,"orderTypes":["single"],"retailUnits":"60 count","retailPrice":1999,"quantityOptions":[{"quantitySubscriptionDiscount":0,"quantity":1},{"quantitySubscriptionDiscount":0,"quantity":2},{"quantitySubscriptionDiscount":0,"quantity":3},{"quantitySubscriptionDiscount":0,"quantity":4},{"quantitySubscriptionDiscount":0,"quantity":5},{"quantitySubscriptionDiscount":0,"quantity":6},{"quantitySubscriptionDiscount":0,"quantity":7},{"quantitySubscriptionDiscount":0,"quantity":8},{"quantitySubscriptionDiscount":0,"quantity":9},{"quantitySubscriptionDiscount":0,"quantity":10}],"quantityDetails":"60 ct gummies","comparisonUnitPrice":null,"comparisonUnitName":null,"maxQuantity":10,"scheduleEntries":[],"vendor":{"city":"Watsonville, CA","name":"Nordic Naturals Inc.","shortDescription":"Nordic Naturals is committed to delivering the world\u2019s safest, most effective nutrients essential to health. ","slug":"nordicnaturals","thumbnailUrl":"https://goodeggs4.imgix.net/7a09a310-22e1-11eb-8e1d-83c696abbca7?w=560&h=350&fm=jpg&q=41&fit=crop&crop=faces","url":"/nordicnaturals"},"currentProducer":{"city":"Watsonville, CA","name":"Nordic Naturals Inc.","shortDescription":"Nordic Naturals is committed to delivering the world\u2019s safest, most effective nutrients essential to health. ","slug":"nordicnaturals","thumbnailUrl":"https://goodeggs4.imgix.net/7a09a310-22e1-11eb-8e1d-83c696abbca7?w=560&h=350&fm=jpg&q=41&fit=crop&crop=faces","url":"/nordicnaturals"},"otherProducers":[],"productType":"Probiotic Supplements, Probiotic Gummies","canSubscribe":false,"availabilitiesByDay":{"2021-05-24":{"status":"available","quantity":14},"2021-05-25":{"status":"available","quantity":14},"2021-05-26":{"status":"available","quantity":14},"2021-05-27":{"status":"available","quantity":14},"2021-05-28":{"status":"available","quantity":14},"2021-05-29":{"status":"available","quantity":14}},"isMealPlan":false},"5f88ceb313cb21000e556ca4":{"id":"5f88ceb313cb21000e556ca4","name":"Manuka Honey Citrus Immunity Gummies","photoUrl":"https://goodeggs4.imgix.net/c4d94b88-1b0f-43ea-9d54-0623db412bbf.jpg?w=380&h=238&fm=jpg&auto=compress&fit=crop","url":"/sfbay/wedderspoonsfbay/manuka-honey-citrus-immunity-gummies/5f88ceb313cb21000e556ca4","promotionalProductType":"none","isDeliveryRestricted":false,"orderTypes":["single"],"retailUnits":"90 count","retailPrice":1999,"quantityOptions":[{"quantitySubscriptionDiscount":0,"quantity":1},{"quantitySubscriptionDiscount":0,"quantity":2},{"quantitySubscriptionDiscount":0,"quantity":3},{"quantitySubscriptionDiscount":0,"quantity":4},{"quantitySubscriptionDiscount":0,"quantity":5},{"quantitySubscriptionDiscount":0,"quantity":6},{"quantitySubscriptionDiscount":0,"quantity":7},{"quantitySubscriptionDiscount":0,"quantity":8},{"quantitySubscriptionDiscount":0,"quantity":9},{"quantitySubscriptionDiscount":0,"quantity":10}],"quantityDetails":"90 ct, 30 day supply","comparisonUnitPrice":227,"comparisonUnitName":"oz","maxQuantity":10,"scheduleEntries":[],"vendor":{"city":"Malvern, PA","name":"Wedderspoon","shortDescription":"Wedderspoon's raw, unpasteurized, non-GMO verified Manuka Honey is sourced from New Zealand's North and South islands, where their beekeeping partners tend the hives.","slug":"wedderspoonsfbay","thumbnailUrl":"https://goodeggs4.imgix.net/ejXXoFj4TW2cxN7WiYtA_IMG_0711_preview - emily chang.jpg?w=560&h=350&fm=jpg&q=41&fit=crop&crop=faces","url":"/wedderspoonsfbay"},"currentProducer":{"city":"Malvern, PA","name":"Wedderspoon","shortDescription":"Wedderspoon's raw, unpasteurized, non-GMO verified Manuka Honey is sourced from New Zealand's North and South islands, where their beekeeping partners tend the hives.","slug":"wedderspoonsfbay","thumbnailUrl":"https://goodeggs4.imgix.net/ejXXoFj4TW2cxN7WiYtA_IMG_0711_preview - emily chang.jpg?w=560&h=350&fm=jpg&q=41&fit=crop&crop=faces","url":"/wedderspoonsfbay"},"otherProducers":[],"productType":"Immunity, Immunity Gummies","canSubscribe":false,"availabilitiesByDay":{"2021-05-24":{"status":"available","quantity":64},"2021-05-25":{"status":"available","quantity":64},"2021-05-26":{"status":"available","quantity":64},"2021-05-27":{"status":"available","quantity":64},"2021-05-28":{"status":"available","quantity":64},"2021-05-29":{"status":"available","quantity":64}},"isMealPlan":false},"5f88cc4ecc2063000e68e60d":{"id":"5f88cc4ecc2063000e68e60d","name":"Manuka Honey Berry Immunity Gummies","photoUrl":"https://goodeggs4.imgix.net/3b1e98ff-52dd-4181-b209-87d9dc62ec92.jpg?w=380&h=238&fm=jpg&auto=compress&fit=crop","url":"/sfbay/wedderspoonsfbay/manuka-honey-berry-immunity-gummies/5f88cc4ecc2063000e68e60d","promotionalProductType":"none","isDeliveryRestricted":false,"orderTypes":["single"],"retailUnits":"90 count","retailPrice":1999,"quantityOptions":[{"quantitySubscriptionDiscount":0,"quantity":1},{"quantitySubscriptionDiscount":0,"quantity":2},{"quantitySubscriptionDiscount":0,"quantity":3},{"quantitySubscriptionDiscount":0,"quantity":4},{"quantitySubscriptionDiscount":0,"quantity":5},{"quantitySubscriptionDiscount":0,"quantity":6},{"quantitySubscriptionDiscount":0,"quantity":7},{"quantitySubscriptionDiscount":0,"quantity":8},{"quantitySubscriptionDiscount":0,"quantity":9},{"quantitySubscriptionDiscount":0,"quantity":10}],"quantityDetails":"90 ct, 30 day supply","comparisonUnitPrice":227,"comparisonUnitName":"oz","maxQuantity":10,"scheduleEntries":[],"vendor":{"city":"Malvern, PA","name":"Wedderspoon","shortDescription":"Wedderspoon's raw, unpasteurized, non-GMO verified Manuka Honey is sourced from New Zealand's North and South islands, where their beekeeping partners tend the hives.","slug":"wedderspoonsfbay","thumbnailUrl":"https://goodeggs4.imgix.net/ejXXoFj4TW2cxN7WiYtA_IMG_0711_preview - emily chang.jpg?w=560&h=350&fm=jpg&q=41&fit=crop&crop=faces","url":"/wedderspoonsfbay"},"currentProducer":{"city":"Malvern, PA","name":"Wedderspoon","shortDescription":"Wedderspoon's raw, unpasteurized, non-GMO verified Manuka Honey is sourced from New Zealand's North and South islands, where their beekeeping partners tend the hives.","slug":"wedderspoonsfbay","thumbnailUrl":"https://goodeggs4.imgix.net/ejXXoFj4TW2cxN7WiYtA_IMG_0711_preview - emily chang.jpg?w=560&h=350&fm=jpg&q=41&fit=crop&crop=faces","url":"/wedderspoonsfbay"},"otherProducers":[],"productType":"Immunity, Immunity Gummies","canSubscribe":false,"availabilitiesByDay":{"2021-05-24":{"status":"available","quantity":33},"2021-05-25":{"status":"available","quantity":33},"2021-05-26":{"status":"available","quantity":33},"2021-05-27":{"status":"available","quantity":33},"2021-05-28":{"status":"available","quantity":33},"2021-05-29":{"status":"available","quantity":33}},"isMealPlan":false},"5fa9efd00f2c17000e7ba3fd":{"id":"5fa9efd00f2c17000e7ba3fd","name":"Ultimate Omega","photoUrl":"https://goodeggs4.imgix.net/136bf26c-c057-41d6-a9e8-e06ee008a59a.jpg?w=380&h=238&fm=jpg&auto=compress&fit=crop","url":"/sfbay/nordicnaturals/ultimate-omega/5fa9efd00f2c17000e7ba3fd","promotionalProductType":"none","isDeliveryRestricted":false,"orderTypes":["single"],"retailUnits":"60 count","retailPrice":2799,"quantityOptions":[{"quantitySubscriptionDiscount":0,"quantity":1},{"quantitySubscriptionDiscount":0,"quantity":2},{"quantitySubscriptionDiscount":0,"quantity":3},{"quantitySubscriptionDiscount":0,"quantity":4},{"quantitySubscriptionDiscount":0,"quantity":5},{"quantitySubscriptionDiscount":0,"quantity":6},{"quantitySubscriptionDiscount":0,"quantity":7},{"quantitySubscriptionDiscount":0,"quantity":8},{"quantitySubscriptionDiscount":0,"quantity":9},{"quantitySubscriptionDiscount":0,"quantity":10}],"quantityDetails":"60 ct","comparisonUnitPrice":null,"comparisonUnitName":null,"maxQuantity":10,"scheduleEntries":[],"vendor":{"city":"Watsonville, CA","name":"Nordic Naturals Inc.","shortDescription":"Nordic Naturals is committed to delivering the world\u2019s safest, most effective nutrients essential to health. ","slug":"nordicnaturals","thumbnailUrl":"https://goodeggs4.imgix.net/7a09a310-22e1-11eb-8e1d-83c696abbca7?w=560&h=350&fm=jpg&q=41&fit=crop&crop=faces","url":"/nordicnaturals"},"currentProducer":{"city":"Watsonville, CA","name":"Nordic Naturals Inc.","shortDescription":"Nordic Naturals is committed to delivering the world\u2019s safest, most effective nutrients essential to health. ","slug":"nordicnaturals","thumbnailUrl":"https://goodeggs4.imgix.net/7a09a310-22e1-11eb-8e1d-83c696abbca7?w=560&h=350&fm=jpg&q=41&fit=crop&crop=faces","url":"/nordicnaturals"},"otherProducers":[],"productType":"Omegas & Fatty Acids, Fish Oil","canSubscribe":false,"availabilitiesByDay":{"2021-05-24":{"status":"available","quantity":60},"2021-05-25":{"status":"available","quantity":60},"2021-05-26":{"status":"available","quantity":60},"2021-05-27":{"status":"available","quantity":60},"2021-05-28":{"status":"available","quantity":60},"2021-05-29":{"status":"available","quantity":60}},"isMealPlan":false},"5fa9f20c062445000eb2b54c":{"id":"5fa9f20c062445000eb2b54c","name":"Arctic Cod Liver Oil Soft Gels","photoUrl":"https://goodeggs4.imgix.net/64fdd988-3dcd-42c6-8bb2-e6cff7072d42.jpg?w=380&h=238&fm=jpg&auto=compress&fit=crop","url":"/sfbay/nordicnaturals/arctic-cod-liver-oil-soft-gels/5fa9f20c062445000eb2b54c","promotionalProductType":"none","isDeliveryRestricted":false,"orderTypes":["single"],"retailUnits":"90 count","retailPrice":2299,"quantityOptions":[{"quantitySubscriptionDiscount":0,"quantity":1},{"quantitySubscriptionDiscount":0,"quantity":2},{"quantitySubscriptionDiscount":0,"quantity":3},{"quantitySubscriptionDiscount":0,"quantity":4},{"quantitySubscriptionDiscount":0,"quantity":5},{"quantitySubscriptionDiscount":0,"quantity":6},{"quantitySubscriptionDiscount":0,"quantity":7},{"quantitySubscriptionDiscount":0,"quantity":8},{"quantitySubscriptionDiscount":0,"quantity":9},{"quantitySubscriptionDiscount":0,"quantity":10}],"quantityDetails":"90 ct","comparisonUnitPrice":null,"comparisonUnitName":null,"maxQuantity":10,"scheduleEntries":[],"vendor":{"city":"Watsonville, CA","name":"Nordic Naturals Inc.","shortDescription":"Nordic Naturals is committed to delivering the world\u2019s safest, most effective nutrients essential to health. ","slug":"nordicnaturals","thumbnailUrl":"https://goodeggs4.imgix.net/7a09a310-22e1-11eb-8e1d-83c696abbca7?w=560&h=350&fm=jpg&q=41&fit=crop&crop=faces","url":"/nordicnaturals"},"currentProducer":{"city":"Watsonville, CA","name":"Nordic Naturals Inc.","shortDescription":"Nordic Naturals is committed to delivering the world\u2019s safest, most effective nutrients essential to health. ","slug":"nordicnaturals","thumbnailUrl":"https://goodeggs4.imgix.net/7a09a310-22e1-11eb-8e1d-83c696abbca7?w=560&h=350&fm=jpg&q=41&fit=crop&crop=faces","url":"/nordicnaturals"},"otherProducers":[],"productType":"Omegas & Fatty Acids, Fish Oil","canSubscribe":false,"availabilitiesByDay":{"2021-05-24":{"status":"available","quantity":6},"2021-05-25":{"status":"available","quantity":6},"2021-05-26":{"status":"available","quantity":6},"2021-05-27":{"status":"available","quantity":6},"2021-05-28":{"status":"available","quantity":6},"2021-05-29":{"status":"available","quantity":6}},"isMealPlan":false},"5fa9f3950f2c17000e7ba423":{"id":"5fa9f3950f2c17000e7ba423","name":"Omega Joint","photoUrl":"https://goodeggs4.imgix.net/643751d9-41e1-46f0-bcb6-d4d3e53f4d16.jpg?w=380&h=238&fm=jpg&auto=compress&fit=crop","url":"/sfbay/nordicnaturals/omega-joint/5fa9f3950f2c17000e7ba423","promotionalProductType":"none","isDeliveryRestricted":false,"orderTypes":["single"],"retailUnits":"90 count","retailPrice":5399,"quantityOptions":[{"quantitySubscriptionDiscount":0,"quantity":1},{"quantitySubscriptionDiscount":0,"quantity":2},{"quantitySubscriptionDiscount":0,"quantity":3},{"quantitySubscriptionDiscount":0,"quantity":4},{"quantitySubscriptionDiscount":0,"quantity":5},{"quantitySubscriptionDiscount":0,"quantity":6},{"quantitySubscriptionDiscount":0,"quantity":7},{"quantitySubscriptionDiscount":0,"quantity":8},{"quantitySubscriptionDiscount":0,"quantity":9},{"quantitySubscriptionDiscount":0,"quantity":10}],"quantityDetails":"90 ct soft gel capsules","comparisonUnitPrice":null,"comparisonUnitName":null,"maxQuantity":10,"scheduleEntries":[],"vendor":{"city":"Watsonville, CA","name":"Nordic Naturals Inc.","shortDescription":"Nordic Naturals is committed to delivering the world\u2019s safest, most effective nutrients essential to health. ","slug":"nordicnaturals","thumbnailUrl":"https://goodeggs4.imgix.net/7a09a310-22e1-11eb-8e1d-83c696abbca7?w=560&h=350&fm=jpg&q=41&fit=crop&crop=faces","url":"/nordicnaturals"},"currentProducer":{"city":"Watsonville, CA","name":"Nordic Naturals Inc.","shortDescription":"Nordic Naturals is committed to delivering the world\u2019s safest, most effective nutrients essential to health. ","slug":"nordicnaturals","thumbnailUrl":"https://goodeggs4.imgix.net/7a09a310-22e1-11eb-8e1d-83c696abbca7?w=560&h=350&fm=jpg&q=41&fit=crop&crop=faces","url":"/nordicnaturals"},"otherProducers":[],"productType":"Omegas & Fatty Acids, Fish Oil","canSubscribe":false,"availabilitiesByDay":{"2021-05-24":{"status":"available","quantity":11},"2021-05-25":{"status":"available","quantity":11},"2021-05-26":{"status":"available","quantity":11},"2021-05-27":{"status":"available","quantity":11},"2021-05-28":{"status":"available","quantity":11},"2021-05-29":{"status":"available","quantity":11}},"isMealPlan":false},"5f9235982d71e9000e321f9e":{"id":"5f9235982d71e9000e321f9e","name":"Hair Skin & Nails Support Supplement","photoUrl":"https://goodeggs4.imgix.net/6acc7e3d-a12e-4f67-aca7-e089c37be553.jpg?w=380&h=238&fm=jpg&auto=compress&fit=crop","url":"/sfbay/oraorganic/hair-skin-nails-support-supplement/5f9235982d71e9000e321f9e","promotionalProductType":"none","isDeliveryRestricted":false,"orderTypes":["single"],"retailUnits":"60 count","retailPrice":3499,"quantityOptions":[{"quantitySubscriptionDiscount":0,"quantity":1},{"quantitySubscriptionDiscount":0,"quantity":2},{"quantitySubscriptionDiscount":0,"quantity":3},{"quantitySubscriptionDiscount":0,"quantity":4},{"quantitySubscriptionDiscount":0,"quantity":5},{"quantitySubscriptionDiscount":0,"quantity":6},{"quantitySubscriptionDiscount":0,"quantity":7},{"quantitySubscriptionDiscount":0,"quantity":8},{"quantitySubscriptionDiscount":0,"quantity":9},{"quantitySubscriptionDiscount":0,"quantity":10}],"quantityDetails":"60 capsules, 30 day supply","comparisonUnitPrice":null,"comparisonUnitName":null,"maxQuantity":10,"scheduleEntries":[],"vendor":{"city":"Austin, TX","name":"Ora Organic","shortDescription":"Ora Organic creates products without the use of anything artificial, only use plant-based ingredients, and source organic wherever possible.","slug":"oraorganic","thumbnailUrl":"https://goodeggs4.imgix.net/bdd11e40-14ca-11eb-839b-9b7371ce7055?w=560&h=350&fm=jpg&q=41&fit=crop&crop=faces","url":"/oraorganic"},"currentProducer":{"city":"Austin, TX","name":"Ora Organic","shortDescription":"Ora Organic creates products without the use of anything artificial, only use plant-based ingredients, and source organic wherever possible.","slug":"oraorganic","thumbnailUrl":"https://goodeggs4.imgix.net/bdd11e40-14ca-11eb-839b-9b7371ce7055?w=560&h=350&fm=jpg&q=41&fit=crop&crop=faces","url":"/oraorganic"},"otherProducers":[],"productType":"Women's Multivitamins","canSubscribe":false,"availabilitiesByDay":{"2021-05-24":{"status":"available","quantity":63},"2021-05-25":{"status":"available","quantity":63},"2021-05-26":{"status":"available","quantity":63},"2021-05-27":{"status":"available","quantity":63},"2021-05-28":{"status":"available","quantity":63},"2021-05-29":{"status":"available","quantity":63}},"isMealPlan":false},"5f9233142d71e9000e321f59":{"id":"5f9233142d71e9000e321f59","name":"Sol Food - Vitamin D Tablets","photoUrl":"https://goodeggs4.imgix.net/1158f7e9-ed4c-4d35-8e4c-eaefb04bf384.jpg?w=380&h=238&fm=jpg&auto=compress&fit=crop","url":"/sfbay/oraorganic/sol-food-vitamin-d-tablets/5f9233142d71e9000e321f59","promotionalProductType":"none","isDeliveryRestricted":false,"orderTypes":["single"],"retailUnits":"30 count","retailPrice":1699,"quantityOptions":[{"quantitySubscriptionDiscount":0,"quantity":1},{"quantitySubscriptionDiscount":0,"quantity":2},{"quantitySubscriptionDiscount":0,"quantity":3},{"quantitySubscriptionDiscount":0,"quantity":4},{"quantitySubscriptionDiscount":0,"quantity":5},{"quantitySubscriptionDiscount":0,"quantity":6},{"quantitySubscriptionDiscount":0,"quantity":7},{"quantitySubscriptionDiscount":0,"quantity":8},{"quantitySubscriptionDiscount":0,"quantity":9},{"quantitySubscriptionDiscount":0,"quantity":10}],"quantityDetails":"30 ct, 30 day supply","comparisonUnitPrice":null,"comparisonUnitName":null,"maxQuantity":10,"scheduleEntries":[],"vendor":{"city":"Austin, TX","name":"Ora Organic","shortDescription":"Ora Organic creates products without the use of anything artificial, only use plant-based ingredients, and source organic wherever possible.","slug":"oraorganic","thumbnailUrl":"https://goodeggs4.imgix.net/bdd11e40-14ca-11eb-839b-9b7371ce7055?w=560&h=350&fm=jpg&q=41&fit=crop&crop=faces","url":"/oraorganic"},"currentProducer":{"city":"Austin, TX","name":"Ora Organic","shortDescription":"Ora Organic creates products without the use of anything artificial, only use plant-based ingredients, and source organic wherever possible.","slug":"oraorganic","thumbnailUrl":"https://goodeggs4.imgix.net/bdd11e40-14ca-11eb-839b-9b7371ce7055?w=560&h=350&fm=jpg&q=41&fit=crop&crop=faces","url":"/oraorganic"},"otherProducers":[],"productType":"Vitamin D","canSubscribe":false,"availabilitiesByDay":{"2021-05-24":{"status":"available","quantity":29},"2021-05-25":{"status":"available","quantity":29},"2021-05-26":{"status":"available","quantity":29},"2021-05-27":{"status":"available","quantity":29},"2021-05-28":{"status":"available","quantity":29},"2021-05-29":{"status":"available","quantity":29}},"isMealPlan":false},"6000d19a2957b0000ee13425":{"id":"6000d19a2957b0000ee13425","name":"Organic Original Digestive Bitters Dropper","photoUrl":"https://goodeggs4.imgix.net/5833a00f-48f8-4702-b57d-02b8561d3df4.jpg?w=380&h=238&fm=jpg&auto=compress&fit=crop","url":"/sfbay/urbanmoonshine/organic-original-digestive-bitters-dropper/6000d19a2957b0000ee13425","promotionalProductType":"none","isDeliveryRestricted":false,"orderTypes":["single"],"retailUnits":"2 oz","retailPrice":1499,"quantityOptions":[{"quantitySubscriptionDiscount":0,"quantity":1},{"quantitySubscriptionDiscount":0,"quantity":2},{"quantitySubscriptionDiscount":0,"quantity":3},{"quantitySubscriptionDiscount":0,"quantity":4},{"quantitySubscriptionDiscount":0,"quantity":5},{"quantitySubscriptionDiscount":0,"quantity":6},{"quantitySubscriptionDiscount":0,"quantity":7},{"quantitySubscriptionDiscount":0,"quantity":8},{"quantitySubscriptionDiscount":0,"quantity":9},{"quantitySubscriptionDiscount":0,"quantity":10}],"quantityDetails":"2 oz","comparisonUnitPrice":null,"comparisonUnitName":null,"maxQuantity":10,"scheduleEntries":[],"vendor":{"city":"Rohnert Park, CA","name":"Urban Moonshine","shortDescription":"Urban Moonshine is an organic herbal apothecary that specialises in liquid herbal extracts. Their extracts are used in their digestive bitters, herbal tonics, and other everyday health remedies. ","slug":"urbanmoonshine","thumbnailUrl":"https://goodeggs4.imgix.net/a3208570-56bc-11eb-8665-71949032d855?w=560&h=350&fm=jpg&q=41&fit=crop&crop=faces","url":"/urbanmoonshine"},"currentProducer":{"city":"Rohnert Park, CA","name":"Urban Moonshine","shortDescription":"Urban Moonshine is an organic herbal apothecary that specialises in liquid herbal extracts. Their extracts are used in their digestive bitters, herbal tonics, and other everyday health remedies. ","slug":"urbanmoonshine","thumbnailUrl":"https://goodeggs4.imgix.net/a3208570-56bc-11eb-8665-71949032d855?w=560&h=350&fm=jpg&q=41&fit=crop&crop=faces","url":"/urbanmoonshine"},"otherProducers":[],"productType":"Tinctures & Extracts","canSubscribe":false,"availabilitiesByDay":{"2021-05-24":{"status":"available","quantity":19},"2021-05-25":{"status":"available","quantity":19},"2021-05-26":{"status":"available","quantity":19},"2021-05-27":{"status":"available","quantity":19},"2021-05-28":{"status":"available","quantity":19},"2021-05-29":{"status":"available","quantity":19}},"isMealPlan":false},"6000d3462957b0000ee13727":{"id":"6000d3462957b0000ee13727","name":"Organic Citrus Digestive Bitters Dropper","photoUrl":"https://goodeggs4.imgix.net/9edbef12-b2b9-4ea3-a851-62f93afc84a6.jpg?w=380&h=238&fm=jpg&auto=compress&fit=crop","url":"/sfbay/urbanmoonshine/organic-citrus-digestive-bitters-dropper/6000d3462957b0000ee13727","promotionalProductType":"none","isDeliveryRestricted":false,"orderTypes":["single"],"retailUnits":"2 oz","retailPrice":1499,"quantityOptions":[{"quantitySubscriptionDiscount":0,"quantity":1},{"quantitySubscriptionDiscount":0,"quantity":2},{"quantitySubscriptionDiscount":0,"quantity":3},{"quantitySubscriptionDiscount":0,"quantity":4},{"quantitySubscriptionDiscount":0,"quantity":5},{"quantitySubscriptionDiscount":0,"quantity":6},{"quantitySubscriptionDiscount":0,"quantity":7},{"quantitySubscriptionDiscount":0,"quantity":8},{"quantitySubscriptionDiscount":0,"quantity":9},{"quantitySubscriptionDiscount":0,"quantity":10}],"quantityDetails":"2 oz","comparisonUnitPrice":null,"comparisonUnitName":null,"maxQuantity":10,"scheduleEntries":[],"vendor":{"city":"Rohnert Park, CA","name":"Urban Moonshine","shortDescription":"Urban Moonshine is an organic herbal apothecary that specialises in liquid herbal extracts. Their extracts are used in their digestive bitters, herbal tonics, and other everyday health remedies. ","slug":"urbanmoonshine","thumbnailUrl":"https://goodeggs4.imgix.net/a3208570-56bc-11eb-8665-71949032d855?w=560&h=350&fm=jpg&q=41&fit=crop&crop=faces","url":"/urbanmoonshine"},"currentProducer":{"city":"Rohnert Park, CA","name":"Urban Moonshine","shortDescription":"Urban Moonshine is an organic herbal apothecary that specialises in liquid herbal extracts. Their extracts are used in their digestive bitters, herbal tonics, and other everyday health remedies. ","slug":"urbanmoonshine","thumbnailUrl":"https://goodeggs4.imgix.net/a3208570-56bc-11eb-8665-71949032d855?w=560&h=350&fm=jpg&q=41&fit=crop&crop=faces","url":"/urbanmoonshine"},"otherProducers":[],"productType":"Tinctures & Extracts","canSubscribe":false,"availabilitiesByDay":{"2021-05-24":{"status":"available","quantity":14},"2021-05-25":{"status":"available","quantity":14},"2021-05-26":{"status":"available","quantity":14},"2021-05-27":{"status":"available","quantity":14},"2021-05-28":{"status":"available","quantity":14},"2021-05-29":{"status":"available","quantity":14}},"isMealPlan":false},"5f9232737291af000e89648f":{"id":"5f9232737291af000e89648f","name":"Organic Probiotics with Prebiotic Powder Apple Raspberry","photoUrl":"https://goodeggs4.imgix.net/ffdc1202-3796-42c4-8eac-5144b3394646.jpg?w=380&h=238&fm=jpg&auto=compress&fit=crop","url":"/sfbay/oraorganic/organic-probiotics-with-prebiotic-powder-apple-raspberry/5f9232737291af000e89648f","promotionalProductType":"none","isDeliveryRestricted":false,"orderTypes":["single"],"retailUnits":"7.9 oz","retailPrice":3499,"quantityOptions":[{"quantitySubscriptionDiscount":0,"quantity":1},{"quantitySubscriptionDiscount":0,"quantity":2},{"quantitySubscriptionDiscount":0,"quantity":3},{"quantitySubscriptionDiscount":0,"quantity":4},{"quantitySubscriptionDiscount":0,"quantity":5},{"quantitySubscriptionDiscount":0,"quantity":6},{"quantitySubscriptionDiscount":0,"quantity":7},{"quantitySubscriptionDiscount":0,"quantity":8},{"quantitySubscriptionDiscount":0,"quantity":9},{"quantitySubscriptionDiscount":0,"quantity":10}],"quantityDetails":"30 servings, 7.9 oz","comparisonUnitPrice":null,"comparisonUnitName":null,"maxQuantity":10,"scheduleEntries":[],"vendor":{"city":"Austin, TX","name":"Ora Organic","shortDescription":"Ora Organic creates products without the use of anything artificial, only use plant-based ingredients, and source organic wherever possible.","slug":"oraorganic","thumbnailUrl":"https://goodeggs4.imgix.net/bdd11e40-14ca-11eb-839b-9b7371ce7055?w=560&h=350&fm=jpg&q=41&fit=crop&crop=faces","url":"/oraorganic"},"currentProducer":{"city":"Austin, TX","name":"Ora Organic","shortDescription":"Ora Organic creates products without the use of anything artificial, only use plant-based ingredients, and source organic wherever possible.","slug":"oraorganic","thumbnailUrl":"https://goodeggs4.imgix.net/bdd11e40-14ca-11eb-839b-9b7371ce7055?w=560&h=350&fm=jpg&q=41&fit=crop&crop=faces","url":"/oraorganic"},"otherProducers":[],"productType":"Probiotic Supplements, Probiotic Powders","canSubscribe":false,"availabilitiesByDay":{"2021-05-24":{"status":"available","quantity":52},"2021-05-25":{"status":"available","quantity":52},"2021-05-26":{"status":"available","quantity":52},"2021-05-27":{"status":"available","quantity":52},"2021-05-28":{"status":"available","quantity":52},"2021-05-29":{"status":"available","quantity":52}},"isMealPlan":false},"5f92300f7291af000e896460":{"id":"5f92300f7291af000e896460","name":"Plant Based Digestive Enzymes Powder","photoUrl":"https://goodeggs4.imgix.net/7e9cc082-f164-4925-a27a-7bd9ecab8361.jpg?w=380&h=238&fm=jpg&auto=compress&fit=crop","url":"/sfbay/oraorganic/plant-based-digestive-enzymes-powder/5f92300f7291af000e896460","promotionalProductType":"none","isDeliveryRestricted":false,"orderTypes":["single"],"retailUnits":"7.41 oz","retailPrice":3499,"quantityOptions":[{"quantitySubscriptionDiscount":0,"quantity":1},{"quantitySubscriptionDiscount":0,"quantity":2},{"quantitySubscriptionDiscount":0,"quantity":3},{"quantitySubscriptionDiscount":0,"quantity":4},{"quantitySubscriptionDiscount":0,"quantity":5},{"quantitySubscriptionDiscount":0,"quantity":6},{"quantitySubscriptionDiscount":0,"quantity":7},{"quantitySubscriptionDiscount":0,"quantity":8},{"quantitySubscriptionDiscount":0,"quantity":9},{"quantitySubscriptionDiscount":0,"quantity":10}],"quantityDetails":"30 servings, 7.41oz","comparisonUnitPrice":472,"comparisonUnitName":"oz","maxQuantity":10,"scheduleEntries":[],"vendor":{"city":"Austin, TX","name":"Ora Organic","shortDescription":"Ora Organic creates products without the use of anything artificial, only use plant-based ingredients, and source organic wherever possible.","slug":"oraorganic","thumbnailUrl":"https://goodeggs4.imgix.net/bdd11e40-14ca-11eb-839b-9b7371ce7055?w=560&h=350&fm=jpg&q=41&fit=crop&crop=faces","url":"/oraorganic"},"currentProducer":{"city":"Austin, TX","name":"Ora Organic","shortDescription":"Ora Organic creates products without the use of anything artificial, only use plant-based ingredients, and source organic wherever possible.","slug":"oraorganic","thumbnailUrl":"https://goodeggs4.imgix.net/bdd11e40-14ca-11eb-839b-9b7371ce7055?w=560&h=350&fm=jpg&q=41&fit=crop&crop=faces","url":"/oraorganic"},"otherProducers":[],"productType":"Probiotic Supplements, Probiotic Powders","canSubscribe":false,"availabilitiesByDay":{"2021-05-24":{"status":"available","quantity":47},"2021-05-25":{"status":"available","quantity":47},"2021-05-26":{"status":"available","quantity":47},"2021-05-27":{"status":"available","quantity":47},"2021-05-28":{"status":"available","quantity":47},"2021-05-29":{"status":"available","quantity":47}},"isMealPlan":false},"5f922f2c2d71e9000e321f00":{"id":"5f922f2c2d71e9000e321f00","name":"Vegan Probiotics with Prebiotics Capsules","photoUrl":"https://goodeggs4.imgix.net/94777345-f7ba-4fea-8fb0-32b37842f0b2.jpg?w=380&h=238&fm=jpg&auto=compress&fit=crop","url":"/sfbay/oraorganic/vegan-probiotics-with-prebiotics-capsules/5f922f2c2d71e9000e321f00","promotionalProductType":"none","isDeliveryRestricted":false,"orderTypes":["single"],"retailUnits":"60 count","retailPrice":3499,"quantityOptions":[{"quantitySubscriptionDiscount":0,"quantity":1},{"quantitySubscriptionDiscount":0,"quantity":2},{"quantitySubscriptionDiscount":0,"quantity":3},{"quantitySubscriptionDiscount":0,"quantity":4},{"quantitySubscriptionDiscount":0,"quantity":5},{"quantitySubscriptionDiscount":0,"quantity":6},{"quantitySubscriptionDiscount":0,"quantity":7},{"quantitySubscriptionDiscount":0,"quantity":8},{"quantitySubscriptionDiscount":0,"quantity":9},{"quantitySubscriptionDiscount":0,"quantity":10}],"quantityDetails":"60ct, 30 day supply","comparisonUnitPrice":116,"comparisonUnitName":"serving","maxQuantity":10,"scheduleEntries":[],"vendor":{"city":"Austin, TX","name":"Ora Organic","shortDescription":"Ora Organic creates products without the use of anything artificial, only use plant-based ingredients, and source organic wherever possible.","slug":"oraorganic","thumbnailUrl":"https://goodeggs4.imgix.net/bdd11e40-14ca-11eb-839b-9b7371ce7055?w=560&h=350&fm=jpg&q=41&fit=crop&crop=faces","url":"/oraorganic"},"currentProducer":{"city":"Austin, TX","name":"Ora Organic","shortDescription":"Ora Organic creates products without the use of anything artificial, only use plant-based ingredients, and source organic wherever possible.","slug":"oraorganic","thumbnailUrl":"https://goodeggs4.imgix.net/bdd11e40-14ca-11eb-839b-9b7371ce7055?w=560&h=350&fm=jpg&q=41&fit=crop&crop=faces","url":"/oraorganic"},"otherProducers":[],"productType":"Probiotic Supplements, Probiotic Capsules","canSubscribe":false,"availabilitiesByDay":{"2021-05-24":{"status":"available","quantity":237},"2021-05-25":{"status":"available","quantity":237},"2021-05-26":{"status":"available","quantity":237},"2021-05-27":{"status":"available","quantity":237},"2021-05-28":{"status":"available","quantity":237},"2021-05-29":{"status":"available","quantity":237}},"isMealPlan":false},"5f92317c7291af000e89647c":{"id":"5f92317c7291af000e89647c","name":"Turmeric Curcumin Tablets","photoUrl":"https://goodeggs4.imgix.net/1d3d3ae7-1ce5-49b5-8c86-3dc8c8234a54.jpg?w=380&h=238&fm=jpg&auto=compress&fit=crop","url":"/sfbay/oraorganic/turmeric-curcumin-tablets/5f92317c7291af000e89647c","promotionalProductType":"none","isDeliveryRestricted":false,"orderTypes":["single"],"retailUnits":"90 count","retailPrice":2299,"quantityOptions":[{"quantitySubscriptionDiscount":0,"quantity":1},{"quantitySubscriptionDiscount":0,"quantity":2},{"quantitySubscriptionDiscount":0,"quantity":3},{"quantitySubscriptionDiscount":0,"quantity":4},{"quantitySubscriptionDiscount":0,"quantity":5},{"quantitySubscriptionDiscount":0,"quantity":6},{"quantitySubscriptionDiscount":0,"quantity":7},{"quantitySubscriptionDiscount":0,"quantity":8},{"quantitySubscriptionDiscount":0,"quantity":9},{"quantitySubscriptionDiscount":0,"quantity":10}],"quantityDetails":"90 ct, 30 day supply","comparisonUnitPrice":null,"comparisonUnitName":null,"maxQuantity":10,"scheduleEntries":[],"vendor":{"city":"Austin, TX","name":"Ora Organic","shortDescription":"Ora Organic creates products without the use of anything artificial, only use plant-based ingredients, and source organic wherever possible.","slug":"oraorganic","thumbnailUrl":"https://goodeggs4.imgix.net/bdd11e40-14ca-11eb-839b-9b7371ce7055?w=560&h=350&fm=jpg&q=41&fit=crop&crop=faces","url":"/oraorganic"},"currentProducer":{"city":"Austin, TX","name":"Ora Organic","shortDescription":"Ora Organic creates products without the use of anything artificial, only use plant-based ingredients, and source organic wherever possible.","slug":"oraorganic","thumbnailUrl":"https://goodeggs4.imgix.net/bdd11e40-14ca-11eb-839b-9b7371ce7055?w=560&h=350&fm=jpg&q=41&fit=crop&crop=faces","url":"/oraorganic"},"otherProducers":[],"productType":"Herbal Singles, Turmeric","canSubscribe":false,"availabilitiesByDay":{"2021-05-24":{"status":"available","quantity":15},"2021-05-25":{"status":"available","quantity":15},"2021-05-26":{"status":"available","quantity":15},"2021-05-27":{"status":"available","quantity":15},"2021-05-28":{"status":"available","quantity":15},"2021-05-29":{"status":"available","quantity":15}},"isMealPlan":false},"5f87470e466e7b000e204ceb":{"id":"5f87470e466e7b000e204ceb","name":"Turmeric Herbal Supplement","photoUrl":"https://goodeggs4.imgix.net/869037f8-c3f0-4e3b-b4ed-1fa0a9b9c9e0.jpg?w=380&h=238&fm=jpg&auto=compress&fit=crop","url":"/sfbay/organicindiasfbay/turmeric-herbal-supplement/5f87470e466e7b000e204ceb","promotionalProductType":"none","isDeliveryRestricted":false,"orderTypes":["single"],"retailUnits":"90 count","retailPrice":2799,"quantityOptions":[{"quantitySubscriptionDiscount":0,"quantity":1},{"quantitySubscriptionDiscount":0,"quantity":2},{"quantitySubscriptionDiscount":0,"quantity":3},{"quantitySubscriptionDiscount":0,"quantity":4},{"quantitySubscriptionDiscount":0,"quantity":5},{"quantitySubscriptionDiscount":0,"quantity":6},{"quantitySubscriptionDiscount":0,"quantity":7},{"quantitySubscriptionDiscount":0,"quantity":8},{"quantitySubscriptionDiscount":0,"quantity":9},{"quantitySubscriptionDiscount":0,"quantity":10}],"quantityDetails":"90 ct","comparisonUnitPrice":null,"comparisonUnitName":null,"maxQuantity":10,"scheduleEntries":[],"vendor":{"name":"Organic India","shortDescription":"Organic India is committed to being a living embodiment of love and consciousness in action. They work with thousands of small family farmers in India to cultivate tens of thousands of acres of sustainable organic farmland.","slug":"organicindiasfbay","thumbnailUrl":"https://goodeggs4.imgix.net/MWBIX7WTDSoymrPl7Tbw_organicindia.jpg?w=560&h=350&fm=jpg&q=41&fit=crop&crop=faces","url":"/organicindiasfbay"},"currentProducer":{"name":"Organic India","shortDescription":"Organic India is committed to being a living embodiment of love and consciousness in action. They work with thousands of small family farmers in India to cultivate tens of thousands of acres of sustainable organic farmland.","slug":"organicindiasfbay","thumbnailUrl":"https://goodeggs4.imgix.net/MWBIX7WTDSoymrPl7Tbw_organicindia.jpg?w=560&h=350&fm=jpg&q=41&fit=crop&crop=faces","url":"/organicindiasfbay"},"otherProducers":[],"productType":"Herbal Singles, Turmeric","canSubscribe":false,"availabilitiesByDay":{"2021-05-24":{"status":"available","quantity":15},"2021-05-25":{"status":"available","quantity":15},"2021-05-26":{"status":"available","quantity":15},"2021-05-27":{"status":"available","quantity":15},"2021-05-28":{"status":"available","quantity":15},"2021-05-29":{"status":"available","quantity":15}},"isMealPlan":false},"5f874354466e7b000e204ad9":{"id":"5f874354466e7b000e204ad9","name":"Ashwagandha Herbal Supplement","photoUrl":"https://goodeggs4.imgix.net/80d5295b-f26c-4091-b8e0-e3f45e9bde10.jpg?w=380&h=238&fm=jpg&auto=compress&fit=crop","url":"/sfbay/organicindiasfbay/ashwagandha-herbal-supplement/5f874354466e7b000e204ad9","promotionalProductType":"none","isDeliveryRestricted":false,"orderTypes":["single"],"retailUnits":"90 count","retailPrice":2299,"quantityOptions":[{"quantitySubscriptionDiscount":0,"quantity":1},{"quantitySubscriptionDiscount":0,"quantity":2},{"quantitySubscriptionDiscount":0,"quantity":3},{"quantitySubscriptionDiscount":0,"quantity":4},{"quantitySubscriptionDiscount":0,"quantity":5},{"quantitySubscriptionDiscount":0,"quantity":6},{"quantitySubscriptionDiscount":0,"quantity":7},{"quantitySubscriptionDiscount":0,"quantity":8},{"quantitySubscriptionDiscount":0,"quantity":9},{"quantitySubscriptionDiscount":0,"quantity":10}],"quantityDetails":"90 ct","comparisonUnitPrice":null,"comparisonUnitName":null,"maxQuantity":10,"scheduleEntries":[],"vendor":{"name":"Organic India","shortDescription":"Organic India is committed to being a living embodiment of love and consciousness in action. They work with thousands of small family farmers in India to cultivate tens of thousands of acres of sustainable organic farmland.","slug":"organicindiasfbay","thumbnailUrl":"https://goodeggs4.imgix.net/MWBIX7WTDSoymrPl7Tbw_organicindia.jpg?w=560&h=350&fm=jpg&q=41&fit=crop&crop=faces","url":"/organicindiasfbay"},"currentProducer":{"name":"Organic India","shortDescription":"Organic India is committed to being a living embodiment of love and consciousness in action. They work with thousands of small family farmers in India to cultivate tens of thousands of acres of sustainable organic farmland.","slug":"organicindiasfbay","thumbnailUrl":"https://goodeggs4.imgix.net/MWBIX7WTDSoymrPl7Tbw_organicindia.jpg?w=560&h=350&fm=jpg&q=41&fit=crop&crop=faces","url":"/organicindiasfbay"},"otherProducers":[],"productType":"Herbal Singles, Ashwagandha","canSubscribe":false,"availabilitiesByDay":{"2021-05-24":{"status":"available","quantity":11},"2021-05-25":{"status":"available","quantity":11},"2021-05-26":{"status":"available","quantity":11},"2021-05-27":{"status":"available","quantity":11},"2021-05-28":{"status":"available","quantity":11},"2021-05-29":{"status":"available","quantity":11}},"isMealPlan":false},"5f874697466e7b000e204c9d":{"id":"5f874697466e7b000e204c9d","name":"Triphala Herbal Supplement","photoUrl":"https://goodeggs4.imgix.net/bddcec80-7c83-4d97-8180-167f254848f6.jpg?w=380&h=238&fm=jpg&auto=compress&fit=crop","url":"/sfbay/organicindiasfbay/triphala-herbal-supplement/5f874697466e7b000e204c9d","promotionalProductType":"none","isDeliveryRestricted":false,"orderTypes":["single"],"retailUnits":"90 count","retailPrice":2299,"quantityOptions":[{"quantitySubscriptionDiscount":0,"quantity":1},{"quantitySubscriptionDiscount":0,"quantity":2},{"quantitySubscriptionDiscount":0,"quantity":3},{"quantitySubscriptionDiscount":0,"quantity":4},{"quantitySubscriptionDiscount":0,"quantity":5},{"quantitySubscriptionDiscount":0,"quantity":6},{"quantitySubscriptionDiscount":0,"quantity":7},{"quantitySubscriptionDiscount":0,"quantity":8},{"quantitySubscriptionDiscount":0,"quantity":9},{"quantitySubscriptionDiscount":0,"quantity":10}],"quantityDetails":"90 ct","comparisonUnitPrice":null,"comparisonUnitName":null,"maxQuantity":10,"scheduleEntries":[],"vendor":{"name":"Organic India","shortDescription":"Organic India is committed to being a living embodiment of love and consciousness in action. They work with thousands of small family farmers in India to cultivate tens of thousands of acres of sustainable organic farmland.","slug":"organicindiasfbay","thumbnailUrl":"https://goodeggs4.imgix.net/MWBIX7WTDSoymrPl7Tbw_organicindia.jpg?w=560&h=350&fm=jpg&q=41&fit=crop&crop=faces","url":"/organicindiasfbay"},"currentProducer":{"name":"Organic India","shortDescription":"Organic India is committed to being a living embodiment of love and consciousness in action. They work with thousands of small family farmers in India to cultivate tens of thousands of acres of sustainable organic farmland.","slug":"organicindiasfbay","thumbnailUrl":"https://goodeggs4.imgix.net/MWBIX7WTDSoymrPl7Tbw_organicindia.jpg?w=560&h=350&fm=jpg&q=41&fit=crop&crop=faces","url":"/organicindiasfbay"},"otherProducers":[],"productType":"Herbal Singles, Other","canSubscribe":false,"availabilitiesByDay":{"2021-05-24":{"status":"available","quantity":12},"2021-05-25":{"status":"available","quantity":12},"2021-05-26":{"status":"available","quantity":12},"2021-05-27":{"status":"available","quantity":12},"2021-05-28":{"status":"available","quantity":12},"2021-05-29":{"status":"available","quantity":12}},"isMealPlan":false},"5f87453bb0fb2b000ef98497":{"id":"5f87453bb0fb2b000ef98497","name":"Cinnamon Herbal Supplement","photoUrl":"https://goodeggs4.imgix.net/c1ad5867-ec5c-4ba2-be15-4bea3cde61e9.jpg?w=380&h=238&fm=jpg&auto=compress&fit=crop","url":"/sfbay/organicindiasfbay/cinnamon-herbal-supplement/5f87453bb0fb2b000ef98497","promotionalProductType":"none","isDeliveryRestricted":false,"orderTypes":["single"],"retailUnits":"90 count","retailPrice":2299,"quantityOptions":[{"quantitySubscriptionDiscount":0,"quantity":1},{"quantitySubscriptionDiscount":0,"quantity":2},{"quantitySubscriptionDiscount":0,"quantity":3},{"quantitySubscriptionDiscount":0,"quantity":4},{"quantitySubscriptionDiscount":0,"quantity":5},{"quantitySubscriptionDiscount":0,"quantity":6},{"quantitySubscriptionDiscount":0,"quantity":7},{"quantitySubscriptionDiscount":0,"quantity":8},{"quantitySubscriptionDiscount":0,"quantity":9},{"quantitySubscriptionDiscount":0,"quantity":10}],"quantityDetails":"90 ct","comparisonUnitPrice":null,"comparisonUnitName":null,"maxQuantity":10,"scheduleEntries":[],"vendor":{"name":"Organic India","shortDescription":"Organic India is committed to being a living embodiment of love and consciousness in action. They work with thousands of small family farmers in India to cultivate tens of thousands of acres of sustainable organic farmland.","slug":"organicindiasfbay","thumbnailUrl":"https://goodeggs4.imgix.net/MWBIX7WTDSoymrPl7Tbw_organicindia.jpg?w=560&h=350&fm=jpg&q=41&fit=crop&crop=faces","url":"/organicindiasfbay"},"currentProducer":{"name":"Organic India","shortDescription":"Organic India is committed to being a living embodiment of love and consciousness in action. They work with thousands of small family farmers in India to cultivate tens of thousands of acres of sustainable organic farmland.","slug":"organicindiasfbay","thumbnailUrl":"https://goodeggs4.imgix.net/MWBIX7WTDSoymrPl7Tbw_organicindia.jpg?w=560&h=350&fm=jpg&q=41&fit=crop&crop=faces","url":"/organicindiasfbay"},"otherProducers":[],"productType":"Herbal Singles, Other","canSubscribe":false,"availabilitiesByDay":{"2021-05-24":{"status":"available","quantity":2},"2021-05-25":{"status":"available","quantity":2},"2021-05-26":{"status":"available","quantity":2},"2021-05-27":{"status":"available","quantity":2},"2021-05-28":{"status":"available","quantity":2},"2021-05-29":{"status":"available","quantity":2}},"isMealPlan":false},"5f874608466e7b000e204c4e":{"id":"5f874608466e7b000e204c4e","name":"Liver Kidney Herbal Supplement","photoUrl":"https://goodeggs4.imgix.net/ed23bf4d-e990-4057-9f0a-29f9550fc577.jpg?w=380&h=238&fm=jpg&auto=compress&fit=crop","url":"/sfbay/organicindiasfbay/liver-kidney-herbal-supplement/5f874608466e7b000e204c4e","promotionalProductType":"none","isDeliveryRestricted":false,"orderTypes":["single"],"retailUnits":"90 count","retailPrice":2299,"quantityOptions":[{"quantitySubscriptionDiscount":0,"quantity":1},{"quantitySubscriptionDiscount":0,"quantity":2},{"quantitySubscriptionDiscount":0,"quantity":3},{"quantitySubscriptionDiscount":0,"quantity":4},{"quantitySubscriptionDiscount":0,"quantity":5},{"quantitySubscriptionDiscount":0,"quantity":6},{"quantitySubscriptionDiscount":0,"quantity":7},{"quantitySubscriptionDiscount":0,"quantity":8},{"quantitySubscriptionDiscount":0,"quantity":9},{"quantitySubscriptionDiscount":0,"quantity":10}],"quantityDetails":"90 ct","comparisonUnitPrice":null,"comparisonUnitName":null,"maxQuantity":10,"scheduleEntries":[],"vendor":{"name":"Organic India","shortDescription":"Organic India is committed to being a living embodiment of love and consciousness in action. They work with thousands of small family farmers in India to cultivate tens of thousands of acres of sustainable organic farmland.","slug":"organicindiasfbay","thumbnailUrl":"https://goodeggs4.imgix.net/MWBIX7WTDSoymrPl7Tbw_organicindia.jpg?w=560&h=350&fm=jpg&q=41&fit=crop&crop=faces","url":"/organicindiasfbay"},"currentProducer":{"name":"Organic India","shortDescription":"Organic India is committed to being a living embodiment of love and consciousness in action. They work with thousands of small family farmers in India to cultivate tens of thousands of acres of sustainable organic farmland.","slug":"organicindiasfbay","thumbnailUrl":"https://goodeggs4.imgix.net/MWBIX7WTDSoymrPl7Tbw_organicindia.jpg?w=560&h=350&fm=jpg&q=41&fit=crop&crop=faces","url":"/organicindiasfbay"},"otherProducers":[],"productType":"Herbal Formulas, Functional Formulas","canSubscribe":false,"availabilitiesByDay":{"2021-05-24":{"status":"available","quantity":29},"2021-05-25":{"status":"available","quantity":29},"2021-05-26":{"status":"available","quantity":29},"2021-05-27":{"status":"available","quantity":29},"2021-05-28":{"status":"available","quantity":29},"2021-05-29":{"status":"available","quantity":29}},"isMealPlan":false},"5fa9ede10f2c17000e7ba3da":{"id":"5fa9ede10f2c17000e7ba3da","name":"Prenatal DHA","photoUrl":"https://goodeggs4.imgix.net/c4433048-50c2-47e6-a280-248e1384f0f7.jpg?w=380&h=238&fm=jpg&auto=compress&fit=crop","url":"/sfbay/nordicnaturals/prenatal-dha/5fa9ede10f2c17000e7ba3da","promotionalProductType":"none","isDeliveryRestricted":false,"orderTypes":["single"],"retailUnits":"90 count","retailPrice":2899,"quantityOptions":[{"quantitySubscriptionDiscount":0,"quantity":1},{"quantitySubscriptionDiscount":0,"quantity":2},{"quantitySubscriptionDiscount":0,"quantity":3},{"quantitySubscriptionDiscount":0,"quantity":4},{"quantitySubscriptionDiscount":0,"quantity":5},{"quantitySubscriptionDiscount":0,"quantity":6},{"quantitySubscriptionDiscount":0,"quantity":7},{"quantitySubscriptionDiscount":0,"quantity":8},{"quantitySubscriptionDiscount":0,"quantity":9},{"quantitySubscriptionDiscount":0,"quantity":10}],"quantityDetails":"90 ct","comparisonUnitPrice":null,"comparisonUnitName":null,"maxQuantity":10,"scheduleEntries":[],"vendor":{"city":"Watsonville, CA","name":"Nordic Naturals Inc.","shortDescription":"Nordic Naturals is committed to delivering the world\u2019s safest, most effective nutrients essential to health. ","slug":"nordicnaturals","thumbnailUrl":"https://goodeggs4.imgix.net/7a09a310-22e1-11eb-8e1d-83c696abbca7?w=560&h=350&fm=jpg&q=41&fit=crop&crop=faces","url":"/nordicnaturals"},"currentProducer":{"city":"Watsonville, CA","name":"Nordic Naturals Inc.","shortDescription":"Nordic Naturals is committed to delivering the world\u2019s safest, most effective nutrients essential to health. ","slug":"nordicnaturals","thumbnailUrl":"https://goodeggs4.imgix.net/7a09a310-22e1-11eb-8e1d-83c696abbca7?w=560&h=350&fm=jpg&q=41&fit=crop&crop=faces","url":"/nordicnaturals"},"otherProducers":[],"productType":"Prenatal Multivitamins","canSubscribe":false,"availabilitiesByDay":{"2021-05-24":{"status":"available","quantity":63},"2021-05-25":{"status":"available","quantity":63},"2021-05-26":{"status":"available","quantity":63},"2021-05-27":{"status":"available","quantity":63},"2021-05-28":{"status":"available","quantity":63},"2021-05-29":{"status":"available","quantity":63}},"isMealPlan":false},"6001d216a5c39f000f1a0909":{"id":"6001d216a5c39f000f1a0909","name":"Throat Spray","photoUrl":"https://goodeggs4.imgix.net/42fbfa78-eb86-4c8e-9004-3e71c5392f90.jpg?w=380&h=238&fm=jpg&auto=compress&fit=crop","url":"/sfbay/urbanmoonshine/throat-spray/6001d216a5c39f000f1a0909","promotionalProductType":"none","isDeliveryRestricted":false,"orderTypes":["single"],"retailUnits":"1 oz","retailPrice":999,"quantityOptions":[{"quantitySubscriptionDiscount":0,"quantity":1},{"quantitySubscriptionDiscount":0,"quantity":2},{"quantitySubscriptionDiscount":0,"quantity":3},{"quantitySubscriptionDiscount":0,"quantity":4},{"quantitySubscriptionDiscount":0,"quantity":5},{"quantitySubscriptionDiscount":0,"quantity":6},{"quantitySubscriptionDiscount":0,"quantity":7},{"quantitySubscriptionDiscount":0,"quantity":8},{"quantitySubscriptionDiscount":0,"quantity":9},{"quantitySubscriptionDiscount":0,"quantity":10}],"quantityDetails":"1 oz","comparisonUnitPrice":null,"comparisonUnitName":null,"maxQuantity":10,"scheduleEntries":[],"vendor":{"city":"Rohnert Park, CA","name":"Urban Moonshine","shortDescription":"Urban Moonshine is an organic herbal apothecary that specialises in liquid herbal extracts. Their extracts are used in their digestive bitters, herbal tonics, and other everyday health remedies. ","slug":"urbanmoonshine","thumbnailUrl":"https://goodeggs4.imgix.net/a3208570-56bc-11eb-8665-71949032d855?w=560&h=350&fm=jpg&q=41&fit=crop&crop=faces","url":"/urbanmoonshine"},"currentProducer":{"city":"Rohnert Park, CA","name":"Urban Moonshine","shortDescription":"Urban Moonshine is an organic herbal apothecary that specialises in liquid herbal extracts. Their extracts are used in their digestive bitters, herbal tonics, and other everyday health remedies. ","slug":"urbanmoonshine","thumbnailUrl":"https://goodeggs4.imgix.net/a3208570-56bc-11eb-8665-71949032d855?w=560&h=350&fm=jpg&q=41&fit=crop&crop=faces","url":"/urbanmoonshine"},"otherProducers":[],"productType":"Tinctures & Extracts","canSubscribe":false,"availabilitiesByDay":{"2021-05-24":{"status":"available","quantity":13},"2021-05-25":{"status":"available","quantity":13},"2021-05-26":{"status":"available","quantity":13},"2021-05-27":{"status":"available","quantity":13},"2021-05-28":{"status":"available","quantity":13},"2021-05-29":{"status":"available","quantity":13}},"isMealPlan":false},"6001d059065ec9000e3ae37e":{"id":"6001d059065ec9000e3ae37e","name":"Organic Clear Chest Syrup","photoUrl":"https://goodeggs4.imgix.net/9771fe8c-26da-49b5-b19a-c750324f6b3d.jpg?w=380&h=238&fm=jpg&auto=compress&fit=crop","url":"/sfbay/urbanmoonshine/organic-clear-chest-syrup/6001d059065ec9000e3ae37e","promotionalProductType":"none","isDeliveryRestricted":false,"orderTypes":["single"],"retailUnits":"8.4 oz","retailPrice":2099,"quantityOptions":[{"quantitySubscriptionDiscount":0,"quantity":1},{"quantitySubscriptionDiscount":0,"quantity":2},{"quantitySubscriptionDiscount":0,"quantity":3},{"quantitySubscriptionDiscount":0,"quantity":4},{"quantitySubscriptionDiscount":0,"quantity":5},{"quantitySubscriptionDiscount":0,"quantity":6},{"quantitySubscriptionDiscount":0,"quantity":7},{"quantitySubscriptionDiscount":0,"quantity":8},{"quantitySubscriptionDiscount":0,"quantity":9},{"quantitySubscriptionDiscount":0,"quantity":10}],"quantityDetails":"8.4 oz","comparisonUnitPrice":249,"comparisonUnitName":"oz","maxQuantity":10,"scheduleEntries":[],"vendor":{"city":"Rohnert Park, CA","name":"Urban Moonshine","shortDescription":"Urban Moonshine is an organic herbal apothecary that specialises in liquid herbal extracts. Their extracts are used in their digestive bitters, herbal tonics, and other everyday health remedies. ","slug":"urbanmoonshine","thumbnailUrl":"https://goodeggs4.imgix.net/a3208570-56bc-11eb-8665-71949032d855?w=560&h=350&fm=jpg&q=41&fit=crop&crop=faces","url":"/urbanmoonshine"},"currentProducer":{"city":"Rohnert Park, CA","name":"Urban Moonshine","shortDescription":"Urban Moonshine is an organic herbal apothecary that specialises in liquid herbal extracts. Their extracts are used in their digestive bitters, herbal tonics, and other everyday health remedies. ","slug":"urbanmoonshine","thumbnailUrl":"https://goodeggs4.imgix.net/a3208570-56bc-11eb-8665-71949032d855?w=560&h=350&fm=jpg&q=41&fit=crop&crop=faces","url":"/urbanmoonshine"},"otherProducers":[],"productType":"Tinctures & Extracts","canSubscribe":false,"availabilitiesByDay":{"2021-05-24":{"status":"available","quantity":1},"2021-05-25":{"status":"available","quantity":1},"2021-05-26":{"status":"available","quantity":1},"2021-05-27":{"status":"available","quantity":1},"2021-05-28":{"status":"available","quantity":1},"2021-05-29":{"status":"available","quantity":1}},"isMealPlan":false},"6001ce5ca5c39f000f1a08cd":{"id":"6001ce5ca5c39f000f1a08cd","name":"Organic Immune Zoom","photoUrl":"https://goodeggs4.imgix.net/e3bda820-c472-4664-95ae-3875f3599cac.jpg?w=380&h=238&fm=jpg&auto=compress&fit=crop","url":"/sfbay/urbanmoonshine/organic-immune-zoom/6001ce5ca5c39f000f1a08cd","promotionalProductType":"none","isDeliveryRestricted":false,"orderTypes":["single"],"retailUnits":"8.4 oz","retailPrice":4199,"quantityOptions":[{"quantitySubscriptionDiscount":0,"quantity":1},{"quantitySubscriptionDiscount":0,"quantity":2},{"quantitySubscriptionDiscount":0,"quantity":3},{"quantitySubscriptionDiscount":0,"quantity":4},{"quantitySubscriptionDiscount":0,"quantity":5},{"quantitySubscriptionDiscount":0,"quantity":6},{"quantitySubscriptionDiscount":0,"quantity":7},{"quantitySubscriptionDiscount":0,"quantity":8},{"quantitySubscriptionDiscount":0,"quantity":9},{"quantitySubscriptionDiscount":0,"quantity":10}],"quantityDetails":"8.4 oz","comparisonUnitPrice":499,"comparisonUnitName":"oz","maxQuantity":10,"scheduleEntries":[],"vendor":{"city":"Rohnert Park, CA","name":"Urban Moonshine","shortDescription":"Urban Moonshine is an organic herbal apothecary that specialises in liquid herbal extracts. Their extracts are used in their digestive bitters, herbal tonics, and other everyday health remedies. ","slug":"urbanmoonshine","thumbnailUrl":"https://goodeggs4.imgix.net/a3208570-56bc-11eb-8665-71949032d855?w=560&h=350&fm=jpg&q=41&fit=crop&crop=faces","url":"/urbanmoonshine"},"currentProducer":{"city":"Rohnert Park, CA","name":"Urban Moonshine","shortDescription":"Urban Moonshine is an organic herbal apothecary that specialises in liquid herbal extracts. Their extracts are used in their digestive bitters, herbal tonics, and other everyday health remedies. ","slug":"urbanmoonshine","thumbnailUrl":"https://goodeggs4.imgix.net/a3208570-56bc-11eb-8665-71949032d855?w=560&h=350&fm=jpg&q=41&fit=crop&crop=faces","url":"/urbanmoonshine"},"otherProducers":[],"productType":"Tinctures & Extracts","canSubscribe":false,"availabilitiesByDay":{"2021-05-24":{"status":"available","quantity":8},"2021-05-25":{"status":"available","quantity":8},"2021-05-26":{"status":"available","quantity":8},"2021-05-27":{"status":"available","quantity":8},"2021-05-28":{"status":"available","quantity":8},"2021-05-29":{"status":"available","quantity":8}},"isMealPlan":false},"5faa04fd062445000eb2b59e":{"id":"5faa04fd062445000eb2b59e","name":"Nordic Immune Daily Defense","photoUrl":"https://goodeggs4.imgix.net/a81ea289-f1ac-4599-91a4-59f13934f212.jpg?w=380&h=238&fm=jpg&auto=compress&fit=crop","url":"/sfbay/nordicnaturals/nordic-immune-daily-defense/5faa04fd062445000eb2b59e","promotionalProductType":"none","isDeliveryRestricted":false,"orderTypes":["single"],"retailUnits":"90 count","retailPrice":3499,"quantityOptions":[{"quantitySubscriptionDiscount":0,"quantity":1},{"quantitySubscriptionDiscount":0,"quantity":2},{"quantitySubscriptionDiscount":0,"quantity":3},{"quantitySubscriptionDiscount":0,"quantity":4},{"quantitySubscriptionDiscount":0,"quantity":5},{"quantitySubscriptionDiscount":0,"quantity":6},{"quantitySubscriptionDiscount":0,"quantity":7},{"quantitySubscriptionDiscount":0,"quantity":8},{"quantitySubscriptionDiscount":0,"quantity":9},{"quantitySubscriptionDiscount":0,"quantity":10}],"quantityDetails":"90 ct","comparisonUnitPrice":null,"comparisonUnitName":null,"maxQuantity":10,"scheduleEntries":[],"vendor":{"city":"Watsonville, CA","name":"Nordic Naturals Inc.","shortDescription":"Nordic Naturals is committed to delivering the world\u2019s safest, most effective nutrients essential to health. ","slug":"nordicnaturals","thumbnailUrl":"https://goodeggs4.imgix.net/7a09a310-22e1-11eb-8e1d-83c696abbca7?w=560&h=350&fm=jpg&q=41&fit=crop&crop=faces","url":"/nordicnaturals"},"currentProducer":{"city":"Watsonville, CA","name":"Nordic Naturals Inc.","shortDescription":"Nordic Naturals is committed to delivering the world\u2019s safest, most effective nutrients essential to health. ","slug":"nordicnaturals","thumbnailUrl":"https://goodeggs4.imgix.net/7a09a310-22e1-11eb-8e1d-83c696abbca7?w=560&h=350&fm=jpg&q=41&fit=crop&crop=faces","url":"/nordicnaturals"},"otherProducers":[],"productType":"Women's Multivitamins","canSubscribe":false,"availabilitiesByDay":{"2021-05-24":{"status":"available","quantity":96},"2021-05-25":{"status":"available","quantity":96},"2021-05-26":{"status":"available","quantity":96},"2021-05-27":{"status":"available","quantity":96},"2021-05-28":{"status":"available","quantity":96},"2021-05-29":{"status":"available","quantity":96}},"isMealPlan":false},"5fac6f1b881ed1000e7f1db1":{"id":"5fac6f1b881ed1000e7f1db1","name":"Almond Firewood with Kindling","photoUrl":"https://goodeggs4.imgix.net/2709747f-8837-4289-a382-cb516fa1a6ab.jpg?w=380&h=238&fm=jpg&auto=compress&fit=crop","url":"/sfbay/lazzari/almond-firewood-with-kindling/5fac6f1b881ed1000e7f1db1","promotionalProductType":"none","isDeliveryRestricted":false,"orderTypes":["single"],"retailUnits":"27 lb","retailPrice":1999,"quantityOptions":[{"quantitySubscriptionDiscount":0,"quantity":1},{"quantitySubscriptionDiscount":0,"quantity":2},{"quantitySubscriptionDiscount":0,"quantity":3},{"quantitySubscriptionDiscount":0,"quantity":4},{"quantitySubscriptionDiscount":0,"quantity":5},{"quantitySubscriptionDiscount":0,"quantity":6},{"quantitySubscriptionDiscount":0,"quantity":7},{"quantitySubscriptionDiscount":0,"quantity":8},{"quantitySubscriptionDiscount":0,"quantity":9},{"quantitySubscriptionDiscount":0,"quantity":10}],"quantityDetails":"Approx. 16\" long, 3-6\" wide","comparisonUnitPrice":74,"comparisonUnitName":"lb","maxQuantity":10,"scheduleEntries":[],"vendor":{"city":"San Francisco, CA","name":"Lazzari","shortDescription":"Since 1908 Lazzari Fuel Company has manufactured and distributed high quality fuels for cooking and industry. Servicing Food Service, Grocery and Specialty Store customers from distribution centers nationwide, Lazzari's premium cooking fuels include Mesquite Lump Charcoal and Gourmet Hardwood Logs, Chunks, Sawdust and Wood Chips.","slug":"lazzari","thumbnailUrl":"https://goodeggs4.imgix.net/30551ff0-2454-11eb-aa2b-b7cf29d81ff4?w=560&h=350&fm=jpg&q=41&fit=crop&crop=faces","url":"/lazzari"},"currentProducer":{"city":"San Francisco, CA","name":"Lazzari","shortDescription":"Since 1908 Lazzari Fuel Company has manufactured and distributed high quality fuels for cooking and industry. Servicing Food Service, Grocery and Specialty Store customers from distribution centers nationwide, Lazzari's premium cooking fuels include Mesquite Lump Charcoal and Gourmet Hardwood Logs, Chunks, Sawdust and Wood Chips.","slug":"lazzari","thumbnailUrl":"https://goodeggs4.imgix.net/30551ff0-2454-11eb-aa2b-b7cf29d81ff4?w=560&h=350&fm=jpg&q=41&fit=crop&crop=faces","url":"/lazzari"},"otherProducers":[],"productType":"Firewood, Almond Wood","canSubscribe":false,"availabilitiesByDay":{"2021-05-24":{"status":"available","quantity":197},"2021-05-25":{"status":"available","quantity":197},"2021-05-26":{"status":"available","quantity":197},"2021-05-27":{"status":"available","quantity":197},"2021-05-28":{"status":"available","quantity":197},"2021-05-29":{"status":"available","quantity":197}},"isMealPlan":false}}}); window.lazySizes.init();</script><iframe data-product="web_widget" title="No content" tabindex="-1" aria-hidden="true" src="./Health &amp; Home _ SF Bay _ Good Eggs_files/saved_resource.html" style="width: 0px; height: 0px; border: 0px; position: absolute; top: -9999px;"></iframe><div><iframe title="Opens a widget where you can find more information" id="launcher" tabindex="0" style="width: 135.844px; height: 50px; padding: 0px; margin: 10px 20px; position: fixed; bottom: 0px; overflow: visible; opacity: 1; border: 0px; z-index: 999998; transition-duration: 250ms; transition-timing-function: cubic-bezier(0.645, 0.045, 0.355, 1); transition-property: opacity, top, bottom; right: 0px;" src="./Health &amp; Home _ SF Bay _ Good Eggs_files/saved_resource(1).html"></iframe></div></body></html>